4246 6082
337 310 467 375 XXXII
1034 306 1264 363 Puoosnlvur.

333 552 412 598 rem.
438 553 512 597 narn
537 531 684 615 regiones
707 531 848 595 Albania
870 551 903 614 p.
929 534 979 609 62,
1007 534 1037 611 2,
1064 530 1229 595 Dalmatia
1251 553 1287 615 p.-
1305 534 1375 610 126,
1399 535 1447 611 15,
1474 530 1627 595 Germani
1649 552 1682 616 p.
1701 535 1752 610 62,
1775 535 1801 611 1,
1828 530 1972 596 Hiberia

331 674 364 737 p.
391 637 513 735 aaa,
551 651 718 717 Lusitania
740 672 773 736 p.
803 655 880 734 222,
908 654 965 731 22,
1002 651 1123 716 Moesia
1145 651 1290 735 superior
1310 674 1343 736 p.
1372 654 1450 732 222,
1480 655 1536 731 22,
1572 650 1723 716 hoscam
1745 672 1778 734 p.
1807 653 1876 732 222,
1909 655 1964 733 22,

328 772 435 838 Persis
456 793 489 857 p.
508 774 560 854 62,
579 776 609 854 2,
636 772 756 837 Pontus
772 793 804 856 p.
824 775 875 853 62,
895 775 925 853 2,
952 771 1047 837 Seres
1061 792 1094 855 p.
1114 774 1166 852 61,
1189 775 1238 850 10,
1264 771 1390 854 utrique
1412 770 1512 837 aetati
1536 771 1655 856 pariter
1678 771 1746 837 fere
1768 777 1844 855 apia
1867 778 1957 850 sunt,

332 899 366 959 at
387 891 560 976 antiquiori
584 891 642 956 soii
665 892 777 975 populi
803 891 856 976 qui
879 891 1099 972 nominantur,
1131 891 1186 975 qui
1215 898 1288 956 sunt
1314 891 1507 974 Autrigones
1536 913 1569 976 p.
1599 895 1668 975 116,
1696 894 1747 972 20,
1780 892 1967 956 Bastarnae

333 1036 365 1099 p.
393 1016 444 1096 75,
474 1017 529 1095 11,
563 1012 660 1077 Gothi
682 1034 714 1098 p.
740 1014 792 1092 87,
822 1016 879 1096 16,
911 1010 1127 1077 Hermunduri
1148 1032 1181 1095 p.
1208 1014 1260 1092 87,
1291 1014 1343 1093 16,
1380 1011 1516 1095 Iazyges
1539 1033 1571 1096 p.
1597 1015 1649 1092 75,
1678 1016 1727 1094 11,
1764 1011 1967 1076 Marcomani

331 1155 363 1218 p.
382 1136 435 1213 87,
459 1136 506 1214 16,
533 1132 690 1198 Roxolani
707 1153 739 1216 p.
758 1137 809 1215 75,
834 1137 883 1215 10,
910 1131 1076 1201 Sarmatae
1092 1152 1125 1215 p.
1144 1135 1195 1212 75,
1219 1135 1267 1194 li.
1301 1130 1424 1196 scilieet
1445 1138 1571 1215 praeter
1587 1130 1716 1206 Gothos,
1745 1131 1799 1216 qui
1820 1131 1964 1198 fortasse

331 1274 406 1320 2222
430 1253 562 1318 Gothini
584 1255 723 1337 222158),
755 1260 787 1318 21
808 1253 973 1318 Sarmatas
995 1251 1122 1332 utrique
1144 1252 1244 1316 aetati
1265 1251 1384 1336 pariter
1406 1251 1632 1317 convenientes
1654 1251 1794 1334 quinque
1816 1252 1964 1334 reliquo-

331 1394 400 1439 mm
423 1375 611 1458 populorum
634 1372 764 1439 nomina
786 1380 860 1457 post
880 1371 1009 1438 tertium
1033 1372 1198 1437 saeculum
1220 1392 1284 1438 non
1307 1378 1507 1457 comparent,
1541 1393 1612 1437 oum
1640 1378 1737 1437 antea
1766 1372 1963 1457 saepissime

332 1514 439 1559 eorum
462 1493 581 1559 mentio
603 1493 669 1559 fiai.
717 1492 795 1575 quid
824 1492 908 1574 quod
939 1493 1050 1558 harum
1080 1492 1309 1558 indicationum
1335 1490 1493 1575 quaedam
1517 1491 1658 1558 affinitas
1681 1499 1731 1558 221
1752 1513 1823 1557 cum
1845 1493 1964 1558 tabula

331 1614 579 1698 Peutingeraua.
625 1613 746 1679 Daciae
768 1610 849 1678 fines
871 1613 951 1678 satis
973 1612 1183 1697 respondent:
1217 1633 1293 1678 narn
1316 1618 1488 1678 cernuntur
1508 1612 1542 1677 in
1564 1614 1676 1679 tabula
1698 1631 1795 1698 supra
1815 1612 1964 1697 Apulum

332 1740 365 1801 21
380 1734 545 1819 Napoeam
575 1736 689 1799 Venerii
709 1737 851 1796 82222212
874 1740 906 1799 21
921 1733 1010 1816 Alpes
1026 1738 1218 1813 Bastorm'cc,
1243 1733 1298 1798 ubi
1321 1733 1474 1799 Iordanes
1495 1733 1638 1799 nominat
1659 1733 1822 1798 Sarmatas
1845 1739 1878 1799 et
1892 1734 1964 1799 Ba-

331 1862 474 1938 starnas,
506 1875 567 1920 222
596 1855 692 1938 longe
714 1854 833 1919 absunt
858 1853 1011 1919 orientem
1033 1873 1146 1919 versus
1169 1856 1329 1917 1122212221
1349 1857 1491 1917 semote
1513 1853 1743 1938 respondentes
1762 1853 1963 1920 Aroxulanis

329 1975 492 2055 Iordanis3
524 1975 661 2059 Iazyges
689 1973 865 2039 secundum
895 1980 1037 2039 nostrum
1059 1979 1221 2039 auctorem
1250 1974 1292 2038 ah
1322 1993 1436 2038 occasu
1459 1973 1558 2038 Dacis
1587 1973 1773 2039 contenuini
1796 1995 1816 2038 a
1844 1974 1963 2041 tabula

330 2097 458 2161 absunt.
501 2095 578 2160 item
602 2115 672 2160 cum
695 2093 849 2159 Iordanes
871 2094 1034 2176 antiquam
1057 2092 1275 2160 Vandalorum
1297 2093 1460 2177 regionem
1483 2094 1603 2160 scribat
1623 2093 1851 2178 comprehendi
1872 2095 1963 2161 inter

330 2218 568 2296 Marcomanos,
600 2213 857 2295 Hermunduros,
891 2213 1030 2295 Gothos,
1062 2213 1196 2295 Istrum,
1229 2213 1263 2278 iu
1292 2214 1530 2297 Peutingerana
1552 2213 1766 2279 Hermunduri
1796 2221 1829 2279 21
1858 2214 1961 2281 Gothi

331 2337 464 2417 desunt,
499 2335 638 2400 Vandali
667 2340 774 2399 autem
804 2334 973 2419 perscripti
1003 2340 1077 2399 sunt
1104 2332 1148 2397 ad
1176 2333 1338 2398 sinistram
1360 2333 1501 2400 Danuvii
1530 2341 1563 2399 et
1590 2353 1687 2418 super
1716 2354 1771 2398 222
1801 2335 1959 2419 scriptum

335 2455 596 2522 ‘Marcomanni'.
638 2460 709 2520 utut
730 2453 771 2519 de
793 2453 852 2519 ilia
874 2452 983 2519 finium
1005 2452 1201 2519 indicatione
1222 2452 1427 2534 iudicabitur,
1453 2454 1505 2520 hic
1528 2474 1652 2537 quoque
1675 2461 1800 2520 constat
1820 2458 1960 2523 secundi

331 2576 453 2642 saeculi
475 2574 678 2642 condiciones
701 2574 865 2658 explicari,
892 2594 963 2639 cum
985 2573 1174 2658 praesertim
1197 2593 1279 2656 quae
1301 2582 1468 2658 praeterea
1490 2575 1576 2660 apud
1594 2574 1764 2640 Iordanem
1785 2574 1961 2642 inueniun-

330 2703 381 2762 tur
402 2695 568 2779 regionum
590 2694 778 2780 populomm
800 2694 989 2781 oppidomm
1012 2694 1169 2760 vocabula
1191 2694 1299 2759 omnia
1321 2701 1411 2761 sexto
1434 2695 1563 2760 saeculo
1589 2703 1673 2761 22212
1703 2696 1957 2782 222222122151).

330 2854 372 2864 -
402 2817 445 2882 At
473 2815 692 2902 exceptionem
722 2814 844 2881 iaciunt
872 2815 934 2880 loci
957 2814 1020 2880 duo
1042 2822 1210 2900 praeterea
1231 2814 1387 2880 simillimi
1408 2816 1491 2882 alter
1513 2814 1553 2880 212
1576 2816 1698 2881 Moesia
1719 2838 1749 2882 c.
1774 2820 1805 2899 9,
1832 2820 1872 2881 59
1897 2817 1961 2884 de-

330 2936 468 3021 scriptus
491 2957 530 3001 ex
554 2935 786 3020 chorographia
809 2935 912 3002 022211
933 2935 967 3000 12
990 2934 1102 3000 eodem
1126 2935 1231 3019 capite
1254 2935 1358 3015 citati,
1391 2936 1474 3001 alter
1496 2936 1536 3001 de
1559 2936 1724 3019 82251211)
1755 2958 1783 3002 2.
1811 2942 1863 3019 55,
1891 2941 1959 3003 280

330 3056 568 3124 aOassiodorio
590 3056 701 3140 opinor
722 3054 765 3120 ad
787 3055 891 3140 ipsius
914 3056 1052 3121 iocorum
1075 3054 1220 3120 notitiam
1243 3056 1411 3121 formatus:
1439 3077 1513 3120 nam
1530 3056 1629 3122 Suebi
1653 3064 1688 3122 ut
1709 3077 1729 3121 2
1751 3058 1867 3123 Suebis
1890 3080 1958 3126 non

418 3368 459 3428 58)
482 3368 535 3416 Viri
554 3369 634 3426 docti,
654 3369 680 3414 in
700 3367 740 3414 his
758 3368 802 3428 qui
821 3366 1014 3426 diligentissime
1032 3366 1092 3415 hacc
1109 3373 1278 3429 perscrutatus
1296 3374 1335 3417 est
1354 3370 1474 3417 Zeussius
1495 3371 1543 3432 (die
1561 3371 1701 3420 Dcatschen
1719 3388 1744 3434 p.
1764 3372 1835 3434 117),
1855 3380 1963 3435 propter

333 3456 412 3505 solum
432 3454 499 3502 hune
517 3455 597 3502 locum
617 3454 773 3501 admiserunt
791 3452 915 3500 Vandalus
933 3453 1072 3515 imperante
1091 3453 1256 3502 Constantino
1274 3455 1375 3502 Daciam
1396 3456 1638 3505 Transdanuuianam
1658 3459 1741 3506 sedem
1760 3458 1888 3519 habuisse,
1910 3474 1960 3507 rue-

330 3557 381 3604 que
399 3541 504 3589 dublum
524 3545 563 3588 221
579 3540 707 3588 1222122212
726 3539 752 3587 121
771 3540 910 3598 significare
929 3539 1049 3587 voluisse.
1087 3540 1132 3588 sed
1150 3541 1172 3587 si
1191 3545 1258 3589 reete
1277 3541 1445 3590 demonstravi
1462 3544 1522 3592 haec
1539 3558 1597 3592 enm
1615 3546 1645 3592 de
1664 3559 1753 3606 mappa
1771 3547 1894 3606 posuisse,
1915 3549 1958 3594 ui-

331 3628 441 3677 dendum
461 3631 500 3675 ost
518 3639 599 3674 annon
618 3631 684 3674 recte
704 3640 757 3673 earn
776 3625 941 3674 intellexerit.
979 3626 1077 3673 22111221
1099 3628 1121 3674 21
1147 3640 1203 3674 eum
1222 3627 1306 3674 Tacito
1324 3628 1511 3677 Hermunduris
1535 3631 1619 3678 sedem
1644 3629 1804 3680 attribuimus
1828 3632 1860 3679 ad
1877 3638 1960 3694 caput

330 3714 404 3763 Albis
427 3712 515 3774 fluvii,
542 3712 635 3760 Gothos
660 3716 744 3759 autern
763 3712 875 3759 iordanis
898 3711 1017 3760 habemus
1040 3726 1084 3774 pro
1102 3712 1232 3776 Gothicis,
1258 3713 1436 3763 demonstratio
1458 3716 1546 3764 fluuium
1568 3717 1633 3778 apud
1653 3718 1781 3766 Iordanem
1801 3718 1878 3765 relata
1896 3724 1978 3780 apte'

329 3802 445 3849 convenit
469 3797 571 3846 sedibus
596 3812 656 3858 quas
675 3798 780 3845 Vandali
806 3798 940 3845 habuerint
961 3811 1066 3846 neeesse
1084 3803 1123 3845 est
1139 3799 1206 3846 bello
1223 3798 1416 3863 Marcomanieo;
1443 3802 1638 3864 crediderimque
1656 3803 1799 3862 Iordanem,
1827 3804 1958 3852 2222112-

329 3887 413 3935 1512222
431 3899 475 3947 pro
493 3884 582 3932 (121512
600 3884 717 3944 haberet,
737 3885 757 3931 ii
776 3889 861 3931 autem
881 3897 909 3932 22
926 3888 1037 3945 tempore
1055 3886 1082 3931 in
1104 3882 1230 3943 ‘Scythia'
1249 3885 1407 3948 habitarent,
1429 3893 1558 3951 pmpterea
1576 3889 1701 3937 Vandalus
1719 3892 1746 3937 in
1766 3890 1842 3937 Dacia
1861 3889 1957 3938 Trans-

329 3973 472 4022 danuviana
494 3970 652 4019 collocavisse
677 3974 703 4017 et
726 3971 756 4016 25
780 3983 834 4017 eam
858 3983 956 4017 causam
980 3970 1073 4018 bellum
1092 3971 1158 4018 inter
1175 3971 1301 4021 Vandalcs
1319 3977 1345 4020 21
1363 3973 1456 4022 Gothos
1476 3979 1531 4035 post
1548 3975 1663 4022 amissam
1681 3991 1695 4023 a
1715 3976 1830 4023 Romanis
1848 3976 1954 4025 Daciam

327 4060 494 4108 collocavisse.

416 4143 458 4204 50)
479 4143 547 4201 Quae
566 4156 598 4190 aa
616 4147 722 4203 utroque
741 4142 854 4190 Iordanis
872 4143 958 4190 libello
976 4143 1125 4202 colliguntur
1143 4143 1307 4194 indicationes
1326 4148 1503 4209 geographicae
1522 4147 1629 4208 demptis
1647 4148 1693 4206 iis,
1714 4161 1776 4208 quas
1794 4149 1824 4195 ab
1842 4151 1955 4198 anctori-

328 4235 376 4280 bus
394 4229 577 4290 antiquioribus
595 4228 737 4288 transtulit,
764 4233 953 4289 repraesentant
970 4243 1027 4277 eum
1046 4242 1129 4276 rerum
1147 4231 1303 4292 publicarum
1322 4237 1414 4281 statum
1434 4235 1477 4295 qui
1497 4239 1550 4281 1222
1569 4234 1628 4283 iuit.
1666 4236 1762 4283 scilicet
1785 4234 1812 4280 in
1837 4236 1953 4296 partibus

322 4317 472 4366 Occidentis
490 4328 553 4376 quae
571 4314 601 4361 ad
614 4315 711 4361 Italiam
723 4315 861 4376 pertinent,
883 4329 936 4362 eam
955 4316 1136 4375 provinciarum
1149 4316 1327 4365 ordinationem
1340 4326 1489 4381 sequnntur,
1511 4332 1574 4380 quae
1587 4321 1705 4369 instituta
1716 4323 1746 4368 ab
1758 4322 1955 4383 imperatoribus

330 4403 421 4450 mansit
440 4403 487 4449 sub
506 4400 670 4462 Theoderice3
691 4404 763 4448 extra
780 4401 879 4448 ltaliam
897 4414 940 4463 pro
959 4403 1095 4462 provinciis
1112 4403 1278 4464 imperatoriis
1297 4406 1435 4453 substituta
1453 4411 1514 4454 aunt
1531 4421 1606 4467 regna
1624 4421 1688 4469 quae
1707 4412 1760 4454 tum
1779 4409 1890 4456 inerunt.
1922 4409 1954 4456 de

329 4488 443 4550 partibus
461 4487 574 4534 Orientis
593 4500 657 4547 quae
674 4487 810 4534 traduntur
825 4487 852 4534 in
871 4488 1018 4535 universum
1036 4489 1189 4535 conueniant
1207 4502 1262 4536 cum
1276 4490 1370 4538 Notitia
1388 4493 1570 4552 prouinciarum
1588 4494 1656 4542 edita
1674 4494 1757 4555 paullo
1775 4497 1833 4540 ante
1850 4508 1874 4541 a.
1890 4492 1950 4555 535,

327 4574 353 4621 121
372 4577 411 4621 221
429 4585 457 4621 22
474 4573 529 4634 lpse
548 4576 667 4634 tempore,
688 4586 737 4634 quo
756 4573 855 4634 scripsit
872 4573 1050 4634 Cassiodorius,
1072 4574 1252 4633 Synecdemum
1270 4575 1471 4640 211221112222112,
1493 4579 1608 4639 quodque
1626 4585 1710 4627 auctor
1728 4580 1798 4626 norit
1816 4579 1952 4639 imperium

326 4661 452 4720 Orientes,
472 4659 498 4706 id
516 4658 640 4720 estquod
658 4659 709 4706 init
726 4660 772 4706 sub
791 4660 931 4707 Iustiniana
949 4665 1008 4708 ante
1025 4661 1091 4708 heila
1109 4662 1139 4708 ab
1157 4674 1186 4708 eo
1204 4663 1231 4710 in
1243 4663 1378 4711 0221212212
1397 4669 1475 4722 gesta.
1512 4664 1633 4712 differunt
1645 4665 1772 4713 Hierocles
1790 4670 1816 4711 21
1832 4663 1953 4713 Iordanes

326 4761 364 4803 eo,
386 4746 450 4808 quod
468 4745 511 4792 ille
523 4745 677 4792 Pannoniam
699 4745 743 4805 (sie
761 4743 836 4803 nude)
857 4758 913 4791 enm
931 4746 1076 4794 civitatibus
1093 4745 1189 4793 duabus
1208 4748 1268 4794 solis
1282 4748 1372 4796 Sirmio
1391 4755 1416 4797 et
1428 4750 1552 4797 bassianis
1570 4751 1674 4812 imperio
1685 4750 1796 4798 Orientis
1811 4751 1951 4810 adiudicat,

326 4838 412 4881 contra
429 4831 532 4880 Iordane
551 4836 615 4878 teste
633 4844 655 4881 c.
670 4828 711 4889 58,
727 4830 777 4878 300
791 4828 912 4878 Sirmium
931 4836 996 4879 certe
1014 4832 1062 4879 sub
1075 4832 1225 4880 Theoderico
1238 4834 1296 4893 suit,
1316 4849 1423 4896 quocum
1437 4837 1554 4883 convenit
1567 4836 1700 4897 Procopius
1713 4836 1799 4884 anecd.
1815 4834 1845 4883 is
1859 4851 1883 4897 p.
1902 4836 1952 4886 108

326 4921 423 4967 Bona:
444 4912 570 4968 κατέτεινε
588 4914 605 4983 ἠ
625 4910 728 4965 Γ1211222
746 4912 814 4986 ἀρχὴ
834 4913 883 4984 πρὸ
901 4912 975 4966 τοῦδε
992 4919 1038 4966 221
1056 4913 1171 4985 πολέμου
1191 4915 1221 4969 ἐκ
1239 4914 1345 4969 Γάλλων
1363 4924 1408 4987 τῆς
1426 4924 1474 4989 γῆς
1492 4917 1553 4991 ἄχρι
1570 4927 1621 4971 τῶν
1640 4915 1734 4977 Aestas
1753 4917 1844 4987 ὁρίων,
1868 4918 1898 4972 οὗ
1918 4921 1951 4992 δὴ

326 5001 399 5060 πόλις
416 5001 445 5053 τὸ
460 4998 566 5070 Σίρμιόν
585 4997 647 5062 ἐστι,
667 5005 696 5049 21
714 5003 812 5048 mittam
831 5002 1248 5053 222122221121522(122212212τί22
1267 5005 1351 5056 chron.
1366 5022 1389 5054 a.
1405 5006 1555 5055 50121222.
1573 5006 1596 5069 s,
1615 5006 1645 5055 10
1663 5013 1688 5054 21
1701 5007 1845 5055 iinnodium
1858 5021 1948 5069 paneg.

326 5106 351 5152 p.
372 5089 422 5138 110
442 5090 514 5139 Sirm.
536 5094 561 5136 21
579 5102 636 5136 cum
655 5087 821 5136 Theodericus
845 5089 908 5138 hanc
931 5091 1056 5150 regionem
1081 5105 1130 5140 non
1155 5106 1212 5140 eum
1237 5092 1333 5153 reliqua
1355 5093 1427 5146 ltalia
1448 5098 1474 5140 ct
1497 5093 1596 5151 Illyrico
1620 5094 1771 5153 obtinuerit,
1797 5094 1842 5142 sed
1865 5101 1953 5155 postea

325 5176 425 5224 demum
437 5175 541 5239 Oepldis
560 5175 690 5236 eripuerit,
710 5172 837 5236 probabile
855 5179 894 5222 est
906 5175 1016 5224 Orientis
1035 5177 1208 5239 imperatorem
1226 5173 1364 5240 provinciis¹
1376 5177 1527 5226 Theoderico
1545 5180 1601 5226 iure
1620 5181 1743 5228 concessis
1761 5181 1824 5228 hanc
1842 5194 1891 5229 non
1905 5183 1951 5230 ad·

324 5274 477 5321 numerasse,
499 5262 584 5323 itaque
602 5260 743 5309 llieroelem
762 5264 855 5309 statum
874 5276 957 5309 rerum
977 5276 1090 5310 enarrare
1107 5277 1173 5325 eum,
1194 5264 1276 5325 qualis
1294 5277 1350 5312 csse
1366 5265 1454 5313 debuit
1472 5266 1610 5313 seeundum
1628 5268 1790 5328 imperatores
1807 5266 1949 5331 Byzantios,

325 5347 463 5405 Iordanem,
482 5347 565 5395 idest
583 5347 766 5395 Cassiodorium
785 5361 843 5395 eum
862 5350 906 5409 qui
925 5349 1056 5397 12221211.
1087 5350 1173 5396 eodem
1191 5351 1348 5399 referendum
1367 5355 1415 5410 cst,
1436 5350 1499 5412 quod
1519 5352 1601 5413 paullo
1619 5358 1676 5413 post
1694 5353 1789 5401 obitum
1803 5353 1951 5403 Theoderici

324 5433 522 5481 Amalasuentha
543 5431 639 5481 ‘eontra
657 5433 768 5482 Orientis
786 5435 909 5496 principis
928 5438 1012 5482 votnm
1031 5434 1167 5483 Romanum
1186 5438 1247 5485 iecit
1264 5452 1319 5485 esse
1338 5437 1494 5485 Danuvium’
1513 5439 1661 5500 (Cassiodor.
1681 5455 1732 5488 var.
1756 5439 1795 5500 11,
1820 5438 1853 5500 1).

410 5517 452 5580 60)
473 5518 536 5567 Cum
550 5515 624 5566 Savia
642 5520 777 5579 provincia,
798 5533 863 5581 quae
882 5526 908 5568 21
926 5521 980 5581 ipsa
998 5534 1046 5568 non
1066 5535 1119 5569 raro
1133 5521 1224 5570 Suavis
1242 5523 1343 5583 dicitur,
1365 5524 1502 5571 Sueborum
1520 5539 1604 5584 agrum
1624 5526 1740 5573 iordanes
1758 5524 1882 5586 confudit,
1904 5527 1951 5576 sed

323 5607 353 5650 nt
370 5603 430 5665 quid
448 5603 617 5656 Cassiodorius
636 5604 742 5653 voluerit
760 5606 864 5654 dubium
883 5619 938 5654 esse
958 5620 1005 5654 uon
1024 5609 1112 5669 possit.
1150 5609 1208 5658 vide
1226 5609 1336 5658 indicem
1355 5609 1472 5658 locorum.
