<?xml version="1.0" encoding="UTF-8"?>
<!DOCTYPE html PUBLIC "-//W3C//DTD XHTML 1.0 Transitional//EN"
    "http://www.w3.org/TR/xhtml1/DTD/xhtml1-transitional.dtd">
<html xmlns="http://www.w3.org/1999/xhtml" xml:lang="en" lang="en">
 <head>
  <title>
</title>
<meta http-equiv="Content-Type" content="text/html;charset=utf-8" />
  <meta name='ocr-system' content='tesseract 3.04.00' />
  <meta name='ocr-capabilities' content='ocr_page ocr_carea ocr_par ocr_line ocrx_word'/>
</head>
<body>
  <div class='ocr_page' id='page_1' title='image "./iordanisromanae00mommgoog/iordanisromanae00mommgoog_0019.png"; bbox 0 0 4246 6082; ppageno 0'>
   <div class='ocr_carea' id='block_1_1' title="bbox 272 311 1202 375">
    <p class='ocr_par' dir='ltr' id='par_1_1' title="bbox 272 311 1202 375">
     <span class='ocr_line' id='line_1_1' title="bbox 272 311 1202 375; baseline -0.011 0"><span class='ocrx_word' id='word_1_1' title='bbox 272 311 337 375; x_wconf 86' lang='lat' dir='ltr'><strong>XII</strong></span> <span class='ocrx_word' id='word_1_2' title='bbox 971 311 1202 368; x_wconf 80' lang='lat' dir='ltr'><strong>PROOEMIVM.</strong></span> 
     </span>
    </p>
   </div>
   <div class='ocr_carea' id='block_1_2' title="bbox 225 532 1969 5176">
    <p class='ocr_par' dir='ltr' id='par_1_2' title="bbox 225 532 1969 5176">
     <span class='ocr_line' id='line_1_2' title="bbox 271 532 1910 621; baseline 0.001 -23"><span class='ocrx_word' id='word_1_3' title='bbox 271 533 341 598; x_wconf 91' lang='lat' dir='ltr'><strong>sine</strong></span> <span class='ocrx_word' id='word_1_4' title='bbox 364 532 461 599; x_wconf 90' lang='lat' dir='ltr'><strong>dubio</strong></span> <span class='ocrx_word' id='word_1_5' title='bbox 483 533 627 600; x_wconf 88' lang='lat' dir='ltr'><strong>nominat</strong></span> <span class='ocrx_word' id='word_1_6' title='bbox 649 540 758 620; x_wconf 88' lang='lat' dir='ltr'><strong>utpote</strong></span> <span class='ocrx_word' id='word_1_7' title='bbox 780 534 959 600; x_wconf 89' lang='lat' dir='ltr'><strong>domestica</strong></span> <span class='ocrx_word' id='word_1_8' title='bbox 980 536 1096 601; x_wconf 90' lang='lat' dir='ltr'><strong>notitia</strong></span> <span class='ocrx_word' id='word_1_9' title='bbox 1119 535 1180 601; x_wconf 91' lang='lat' dir='ltr'><strong>sibi</strong></span> <span class='ocrx_word' id='word_1_10' title='bbox 1204 542 1314 618; x_wconf 90' lang='lat' dir='ltr'><strong>notos,</strong></span> <span class='ocrx_word' id='word_1_11' title='bbox 1340 555 1411 600; x_wconf 91' lang='lat' dir='ltr'><strong>cnm</strong></span> <span class='ocrx_word' id='word_1_12' title='bbox 1434 536 1622 620; x_wconf 86' lang='lat' dir='ltr'><strong>praesertim</strong></span> <span class='ocrx_word' id='word_1_13' title='bbox 1646 535 1753 601; x_wconf 89' lang='lat' dir='ltr'><strong>statim</strong></span> <span class='ocrx_word' id='word_1_14' title='bbox 1776 537 1828 600; x_wconf 89' lang='lat' dir='ltr'><strong>sui</strong></span> <span class='ocrx_word' id='word_1_15' title='bbox 1851 536 1910 621; x_wconf 91' lang='lat' dir='ltr'><strong>ip-</strong></span> 
     </span>
     <span class='ocr_line' id='line_1_3' title="bbox 271 652 1910 741; baseline 0.001 -23"><span class='ocrx_word' id='word_1_16' title='bbox 271 653 338 718; x_wconf 92' lang='lat' dir='ltr'><strong>sius</strong></span> <span class='ocrx_word' id='word_1_17' title='bbox 368 652 496 735; x_wconf 89' lang='lat' dir='ltr'><strong>generis</strong></span> <span class='ocrx_word' id='word_1_18' title='bbox 526 654 760 720; x_wconf 83' lang='lat' dir='ltr'>enarrationem</span> <span class='ocrx_word' id='word_1_19' title='bbox 790 654 960 737; x_wconf 86' lang='lat' dir='ltr'><strong>adiungat.</strong></span> <span class='ocrx_word' id='word_1_20' title='bbox 1007 656 1082 722; x_wconf 90' lang='lat' dir='ltr'><strong>item</strong></span> <span class='ocrx_word' id='word_1_21' title='bbox 1112 656 1253 722; x_wconf 90' lang='lat' dir='ltr'><strong>notabile</strong></span> <span class='ocrx_word' id='word_1_22' title='bbox 1284 655 1405 721; x_wconf 91' lang='lat' dir='ltr'><strong>estad</strong></span> <span class='ocrx_word' id='word_1_23' title='bbox 1434 655 1497 720; x_wconf 89' lang='lat' dir='ltr'><strong>duo</strong></span> <span class='ocrx_word' id='word_1_24' title='bbox 1527 654 1663 741; x_wconf 88' lang='lat' dir='ltr'><strong>oppida,</strong></span> <span class='ocrx_word' id='word_1_25' title='bbox 1701 655 1826 721; x_wconf 90' lang='lat' dir='ltr'><strong>scilicet</strong></span> <span class='ocrx_word' id='word_1_26' title='bbox 1861 655 1910 720; x_wconf 95' lang='lat' dir='ltr'><strong>ad</strong></span> 
     </span>
     <span class='ocr_line' id='line_1_4' title="bbox 269 772 1908 864; baseline 0.002 -28"><span class='ocrx_word' id='word_1_27' title='bbox 269 772 341 856; x_wconf 93' lang='lat' dir='ltr'><strong>ipsa</strong></span> <span class='ocrx_word' id='word_1_28' title='bbox 369 772 429 837; x_wconf 93' lang='lat' dir='ltr'><strong>illa</strong></span> <span class='ocrx_word' id='word_1_29' title='bbox 455 773 572 864; x_wconf 82' lang='lat' dir='ltr'><strong>Castra</strong></span> <span class='ocrx_word' id='word_1_30' title='bbox 593 774 705 839; x_wconf 86' lang='lat' dir='ltr'><strong>Martis</strong></span> <span class='ocrx_word' id='word_1_31' title='bbox 736 781 768 840; x_wconf 91' lang='lat' dir='ltr'><strong>et</strong></span> <span class='ocrx_word' id='word_1_32' title='bbox 796 774 838 839; x_wconf 92' lang='lat' dir='ltr'><strong>ad</strong></span> <span class='ocrx_word' id='word_1_33' title='bbox 869 775 1037 856; x_wconf 91' lang='lat' dir='ltr'><strong>Naissum,</strong></span> <span class='ocrx_word' id='word_1_34' title='bbox 1072 776 1113 841; x_wconf 90' lang='lat' dir='ltr'><strong>ab</strong></span> <span class='ocrx_word' id='word_1_35' title='bbox 1144 783 1273 841; x_wconf 76' lang='lat' dir='ltr'><strong>sucurre</strong></span> <span class='ocrx_word' id='word_1_36' title='bbox 1303 775 1449 841; x_wconf 88' lang='lat' dir='ltr'><strong>adnotari</strong></span> <span class='ocrx_word' id='word_1_37' title='bbox 1480 775 1561 841; x_wconf 87' lang='lat' dir='ltr'><strong>illud</strong></span> <span class='ocrx_word' id='word_1_38' title='bbox 1590 775 1623 839; x_wconf 91' lang='lat' dir='ltr'><strong>in</strong></span> <span class='ocrx_word' id='word_1_39' title='bbox 1645 775 1775 859; x_wconf 90' lang='lat' dir='ltr'><strong>Illyrico</strong></span> <span class='ocrx_word' id='word_1_40' title='bbox 1806 775 1908 841; x_wconf 90' lang='lat' dir='ltr'><strong>sitnm</strong></span> 
     </span>
     <span class='ocr_line' id='line_1_5' title="bbox 269 892 1969 989; baseline 0.001 -32"><span class='ocrx_word' id='word_1_41' title='bbox 269 910 360 971; x_wconf 90' lang='lat' dir='ltr'><strong>esse,</strong></span> <span class='ocrx_word' id='word_1_42' title='bbox 386 892 446 957; x_wconf 93' lang='lat' dir='ltr'><strong>hoc</strong></span> <span class='ocrx_word' id='word_1_43' title='bbox 468 892 604 978; x_wconf 90' lang='lat' dir='ltr'><strong>primum</strong></span> <span class='ocrx_word' id='word_1_44' title='bbox 628 913 700 960; x_wconf 90' lang='lat' dir='ltr'><strong>esse</strong></span> <span class='ocrx_word' id='word_1_45' title='bbox 722 894 756 959; x_wconf 93' lang='lat' dir='ltr'><strong>in</strong></span> <span class='ocrx_word' id='word_1_46' title='bbox 778 894 926 978; x_wconf 90' lang='lat' dir='ltr'><strong>Illyrico:</strong></span> <span class='ocrx_word' id='word_1_47' title='bbox 954 915 1036 977; x_wconf 88' lang='lat' dir='ltr'><strong>quae</strong></span> <span class='ocrx_word' id='word_1_48' title='bbox 1059 895 1177 980; x_wconf 89' lang='lat' dir='ltr'><strong>oppida</strong></span> <span class='ocrx_word' id='word_1_49' title='bbox 1199 915 1270 959; x_wconf 91' lang='lat' dir='ltr'><strong>cum</strong></span> <span class='ocrx_word' id='word_1_50' title='bbox 1294 916 1369 961; x_wconf 89' lang='lat' dir='ltr'><strong>vere</strong></span> <span class='ocrx_word' id='word_1_51' title='bbox 1393 894 1512 961; x_wconf 91' lang='lat' dir='ltr'><strong>sintin</strong></span> <span class='ocrx_word' id='word_1_52' title='bbox 1534 894 1680 959; x_wconf 85' lang='lat' dir='ltr'><strong>confiniis</strong></span> <span class='ocrx_word' id='word_1_53' title='bbox 1703 893 1906 959; x_wconf 79' lang='lat' dir='ltr'><strong>dioecesium</strong></span> <span class='ocrx_word' id='word_1_54' title='bbox 1964 980 1969 989; x_wconf 62' lang='lat'><em>„</em></span> 
     </span>
     <span class='ocr_line' id='line_1_6' title="bbox 268 1011 1910 1100; baseline 0.002 -26"><span class='ocrx_word' id='word_1_55' title='bbox 268 1011 474 1096; x_wconf 80' lang='lat' dir='ltr'>Illyricianae</span> <span class='ocrx_word' id='word_1_56' title='bbox 502 1020 535 1079; x_wconf 93' lang='lat' dir='ltr'><strong>et</strong></span> <span class='ocrx_word' id='word_1_57' title='bbox 556 1013 753 1094; x_wconf 88' lang='lat' dir='ltr'><strong>&#39;Phracicae,</strong></span> <span class='ocrx_word' id='word_1_58' title='bbox 786 1012 1058 1099; x_wconf 79' lang='lat' dir='ltr'><strong>deprehendimus</strong></span> <span class='ocrx_word' id='word_1_59' title='bbox 1087 1021 1250 1080; x_wconf 86' lang='lat' dir='ltr'><strong>auctorem</strong></span> <span class='ocrx_word' id='word_1_60' title='bbox 1279 1015 1314 1079; x_wconf 94' lang='lat' dir='ltr'><strong>in</strong></span> <span class='ocrx_word' id='word_1_61' title='bbox 1336 1015 1409 1100; x_wconf 88' lang='lat' dir='ltr'><strong>ipsa</strong></span> <span class='ocrx_word' id='word_1_62' title='bbox 1431 1014 1572 1080; x_wconf 91' lang='lat' dir='ltr'><strong>dioecesi</strong></span> <span class='ocrx_word' id='word_1_63' title='bbox 1594 1013 1803 1080; x_wconf 81' lang='lat' dir='ltr'><strong>Thraciarum</strong></span> <span class='ocrx_word' id='word_1_64' title='bbox 1833 1034 1910 1078; x_wconf 92' lang='lat' dir='ltr'><strong>rno-</strong></span> 
     </span>
     <span class='ocr_line' id='line_1_7' title="bbox 267 1132 1907 1217; baseline 0.002 -22"><span class='ocrx_word' id='word_1_65' title='bbox 267 1138 391 1197; x_wconf 90' lang='lat' dir='ltr'><strong>rantem</strong></span> <span class='ocrx_word' id='word_1_66' title='bbox 421 1132 556 1216; x_wconf 90' lang='lat' dir='ltr'><strong>eiusque</strong></span> <span class='ocrx_word' id='word_1_67' title='bbox 586 1133 695 1199; x_wconf 85' lang='lat' dir='ltr'><strong>finium</strong></span> <span class='ocrx_word' id='word_1_68' title='bbox 718 1154 864 1217; x_wconf 86' lang='lat' dir='ltr'><strong>gnarum.</strong></span> <span class='ocrx_word' id='word_1_69' title='bbox 913 1133 1051 1216; x_wconf 89' lang='lat' dir='ltr'><strong>denique</strong></span> <span class='ocrx_word' id='word_1_70' title='bbox 1074 1134 1106 1199; x_wconf 94' lang='lat' dir='ltr'><strong>in</strong></span> <span class='ocrx_word' id='word_1_71' title='bbox 1130 1136 1347 1200; x_wconf 87' lang='lat' dir='ltr'><strong>Romanarum</strong></span> <span class='ocrx_word' id='word_1_72' title='bbox 1369 1153 1475 1200; x_wconf 89' lang='lat' dir='ltr'><strong>rerum</strong></span> <span class='ocrx_word' id='word_1_73' title='bbox 1497 1134 1609 1199; x_wconf 92' lang='lat' dir='ltr'><strong>libello</strong></span> <span class='ocrx_word' id='word_1_74' title='bbox 1631 1154 1714 1215; x_wconf 84' lang='lat' dir='ltr'><strong>quae</strong></span> <span class='ocrx_word' id='word_1_75' title='bbox 1736 1134 1836 1200; x_wconf 91' lang='lat' dir='ltr'><strong>habet</strong></span> <span class='ocrx_word' id='word_1_76' title='bbox 1860 1133 1907 1199; x_wconf 91' lang='lat' dir='ltr'><strong>de</strong></span> 
     </span>
     <span class='ocr_line' id='line_1_8' title="bbox 267 1252 1909 1338; baseline 0.002 -22"><span class='ocrx_word' id='word_1_77' title='bbox 267 1252 319 1317; x_wconf 91' lang='lat' dir='ltr'><strong>his</strong></span> <span class='ocrx_word' id='word_1_78' title='bbox 341 1252 526 1335; x_wconf 79' lang='lat' dir='ltr'><strong>regionibus</strong></span> <span class='ocrx_word' id='word_1_79' title='bbox 548 1253 582 1317; x_wconf 94' lang='lat' dir='ltr'><strong>in</strong></span> <span class='ocrx_word' id='word_1_80' title='bbox 604 1252 838 1338; x_wconf 87' lang='lat' dir='ltr'><strong>provinciamm</strong></span> <span class='ocrx_word' id='word_1_81' title='bbox 861 1254 996 1319; x_wconf 86' lang='lat' dir='ltr'><strong>formam</strong></span> <span class='ocrx_word' id='word_1_82' title='bbox 1023 1254 1180 1335; x_wconf 89' lang='lat' dir='ltr'><strong>redactis,</strong></span> <span class='ocrx_word' id='word_1_83' title='bbox 1214 1255 1323 1319; x_wconf 92' lang='lat' dir='ltr'><strong>omnia</strong></span> <span class='ocrx_word' id='word_1_84' title='bbox 1352 1253 1482 1338; x_wconf 92' lang='lat' dir='ltr'><strong>quidem</strong></span> <span class='ocrx_word' id='word_1_85' title='bbox 1505 1254 1677 1338; x_wconf 79' lang='lat' dir='ltr'><strong>descripsit</strong></span> <span class='ocrx_word' id='word_1_86' title='bbox 1699 1274 1740 1319; x_wconf 92' lang='lat' dir='ltr'><strong>ex</strong></span> <span class='ocrx_word' id='word_1_87' title='bbox 1761 1253 1845 1319; x_wconf 88' lang='lat' dir='ltr'><strong>Rufo</strong></span> <span class='ocrx_word' id='word_1_88' title='bbox 1870 1261 1909 1320; x_wconf 89' lang='lat' dir='ltr'><strong>et</strong></span> 
     </span>
     <span class='ocr_line' id='line_1_9' title="bbox 267 1371 1900 1458; baseline 0.003 -24"><span class='ocrx_word' id='word_1_89' title='bbox 267 1372 372 1454; x_wconf 84' lang='lat' dir='ltr'><strong>Floro,</strong></span> <span class='ocrx_word' id='word_1_90' title='bbox 400 1371 458 1437; x_wconf 89' lang='lat' dir='ltr'><strong>sed</strong></span> <span class='ocrx_word' id='word_1_91' title='bbox 481 1373 617 1457; x_wconf 88' lang='lat' dir='ltr'><strong>primum</strong></span> <span class='ocrx_word' id='word_1_92' title='bbox 640 1393 713 1438; x_wconf 90' lang='lat' dir='ltr'><strong>cum</strong></span> <span class='ocrx_word' id='word_1_93' title='bbox 735 1372 770 1437; x_wconf 93' lang='grc'><strong>15</strong></span> <span class='ocrx_word' id='word_1_94' title='bbox 792 1373 926 1457; x_wconf 90' lang='lat' dir='ltr'><strong>reliquis</strong></span> <span class='ocrx_word' id='word_1_95' title='bbox 949 1373 1120 1458; x_wconf 86' lang='lat' dir='ltr'><strong>provinciis</strong></span> <span class='ocrx_word' id='word_1_96' title='bbox 1143 1373 1332 1439; x_wconf 84' lang='lat' dir='ltr'><strong>enarrandis</strong></span> <span class='ocrx_word' id='word_1_97' title='bbox 1354 1374 1416 1439; x_wconf 92' lang='lat' dir='ltr'><strong>sibi</strong></span> <span class='ocrx_word' id='word_1_98' title='bbox 1440 1374 1641 1439; x_wconf 83' lang='lat' dir='ltr'><strong>satisfaceret</strong></span> <span class='ocrx_word' id='word_1_99' title='bbox 1662 1373 1804 1456; x_wconf 80' lang='lat' dir='ltr'><strong>expilata</strong></span> <span class='ocrx_word' id='word_1_100' title='bbox 1827 1373 1900 1455; x_wconf 93' lang='lat' dir='ltr'><strong>illo,</strong></span> 
     </span>
     <span class='ocr_line' id='line_1_10' title="bbox 268 1492 1900 1575; baseline 0.001 -20"><span class='ocrx_word' id='word_1_101' title='bbox 268 1492 355 1556; x_wconf 89' lang='lat' dir='ltr'><strong>solas</strong></span> <span class='ocrx_word' id='word_1_102' title='bbox 379 1492 581 1575; x_wconf 82' lang='lat' dir='ltr'><strong>Illyricianae</strong></span> <span class='ocrx_word' id='word_1_103' title='bbox 610 1492 660 1557; x_wconf 91' lang='lat' dir='ltr'><strong>bis</strong></span> <span class='ocrx_word' id='word_1_104' title='bbox 688 1493 839 1559; x_wconf 85' lang='lat' dir='ltr'><strong>tractavit</strong></span> <span class='ocrx_word' id='word_1_105' title='bbox 868 1500 901 1559; x_wconf 90' lang='lat' dir='ltr'><strong>et</strong></span> <span class='ocrx_word' id='word_1_106' title='bbox 928 1513 958 1557; x_wconf 89' lang='lat' dir='ltr'><strong>c.</strong></span> <span class='ocrx_word' id='word_1_107' title='bbox 984 1495 1149 1557; x_wconf 68' lang='lat' dir='ltr'><strong>arr-221</strong></span> <span class='ocrx_word' id='word_1_108' title='bbox 1177 1494 1220 1558; x_wconf 93' lang='lat' dir='ltr'><strong>ad</strong></span> <span class='ocrx_word' id='word_1_109' title='bbox 1243 1494 1361 1559; x_wconf 89' lang='lat' dir='ltr'><strong>Rufum</strong></span> <span class='ocrx_word' id='word_1_110' title='bbox 1385 1501 1418 1560; x_wconf 89' lang='lat' dir='ltr'><strong>et</strong></span> <span class='ocrx_word' id='word_1_111' title='bbox 1440 1514 1468 1558; x_wconf 91' lang='lat' dir='ltr'><strong>c.</strong></span> <span class='ocrx_word' id='word_1_112' title='bbox 1487 1496 1656 1557; x_wconf 75' lang='lat' dir='ltr'><strong>ast—247</strong></span> <span class='ocrx_word' id='word_1_113' title='bbox 1687 1492 1730 1557; x_wconf 91' lang='lat' dir='ltr'><strong>ad</strong></span> <span class='ocrx_word' id='word_1_114' title='bbox 1754 1493 1900 1573; x_wconf 87' lang='lat' dir='ltr'><strong>Florum,</strong></span> 
     </span>
     <span class='ocr_line' id='line_1_11' title="bbox 268 1610 1902 1696; baseline 0.002 -22"><span class='ocrx_word' id='word_1_115' title='bbox 268 1610 387 1677; x_wconf 92' lang='lat' dir='ltr'><strong>deinde</strong></span> <span class='ocrx_word' id='word_1_116' title='bbox 410 1612 450 1677; x_wconf 90' lang='lat' dir='ltr'><strong>de</strong></span> <span class='ocrx_word' id='word_1_117' title='bbox 474 1631 531 1677; x_wconf 91' lang='lat' dir='ltr'><strong>suo</strong></span> <span class='ocrx_word' id='word_1_118' title='bbox 553 1611 679 1678; x_wconf 87' lang='lat' dir='ltr'><strong>addidit</strong></span> <span class='ocrx_word' id='word_1_119' title='bbox 701 1634 772 1678; x_wconf 93' lang='lat' dir='ltr'><strong>cum</strong></span> <span class='ocrx_word' id='word_1_120' title='bbox 796 1633 823 1677; x_wconf 91' lang='lat' dir='ltr'><strong>c.</strong></span> <span class='ocrx_word' id='word_1_121' title='bbox 843 1616 904 1676; x_wconf 77' lang='lat'><strong>217</strong></span> <span class='ocrx_word' id='word_1_122' title='bbox 929 1612 1100 1678; x_wconf 89' lang='lat' dir='ltr'><strong>Daciarum</strong></span> <span class='ocrx_word' id='word_1_123' title='bbox 1117 1612 1253 1677; x_wconf 90' lang='lat' dir='ltr'><strong>duarum</strong></span> <span class='ocrx_word' id='word_1_124' title='bbox 1269 1613 1426 1678; x_wconf 87' lang='lat' dir='ltr'><strong>vocabula</strong></span> <span class='ocrx_word' id='word_1_125' title='bbox 1441 1613 1580 1696; x_wconf 84' lang='lat' dir='ltr'><strong>ripensis</strong></span> <span class='ocrx_word' id='word_1_126' title='bbox 1595 1619 1627 1678; x_wconf 91' lang='lat' dir='ltr'><strong>et</strong></span> <span class='ocrx_word' id='word_1_127' title='bbox 1642 1612 1902 1678; x_wconf 88' lang='lat' dir='ltr'><strong>mediterraneae</strong></span> 
     </span>
     <span class='ocr_line' id='line_1_12' title="bbox 266 1732 1901 1817; baseline 0.001 -21"><span class='ocrx_word' id='word_1_128' title='bbox 266 1739 331 1797; x_wconf 89' lang='lat' dir='ltr'><strong>tum</strong></span> <span class='ocrx_word' id='word_1_129' title='bbox 356 1751 385 1796; x_wconf 87' lang='lat' dir='ltr'><strong>c.</strong></span> <span class='ocrx_word' id='word_1_130' title='bbox 411 1735 484 1796; x_wconf 79' lang='lat'><strong>221.</strong></span> <span class='ocrx_word' id='word_1_131' title='bbox 511 1734 573 1795; x_wconf 78' lang='lat'><strong>283</strong></span> <span class='ocrx_word' id='word_1_132' title='bbox 597 1732 831 1817; x_wconf 84' lang='lat' dir='ltr'><strong>Philippopolis</strong></span> <span class='ocrx_word' id='word_1_133' title='bbox 853 1752 969 1797; x_wconf 90' lang='lat' dir='ltr'><strong>nornen</strong></span> <span class='ocrx_word' id='word_1_134' title='bbox 991 1732 1164 1797; x_wconf 88' lang='lat' dir='ltr'><strong>barbarum</strong></span> <span class='ocrx_word' id='word_1_135' title='bbox 1187 1732 1379 1817; x_wconf 89' lang='lat' dir='ltr'><strong>Pulpudeua</strong></span> <span class='ocrx_word' id='word_1_136' title='bbox 1404 1751 1561 1815; x_wconf 90' lang='lat' dir='ltr'><strong>nusquam</strong></span> <span class='ocrx_word' id='word_1_137' title='bbox 1585 1738 1753 1816; x_wconf 86' lang='lat' dir='ltr'><strong>praeterea</strong></span> <span class='ocrx_word' id='word_1_138' title='bbox 1775 1754 1901 1798; x_wconf 91' lang='lat' dir='ltr'><strong>memo-</strong></span> 
     </span>
     <span class='ocr_line' id='line_1_13' title="bbox 266 1850 1904 1935; baseline 0.003 -20"><span class='ocrx_word' id='word_1_139' title='bbox 266 1858 380 1918; x_wconf 89' lang='lat' dir='ltr'><strong>ratum.</strong></span> <span class='ocrx_word' id='word_1_140' title='bbox 414 1889 454 1898; x_wconf 90' lang='lat'>-</span> <span class='ocrx_word' id='word_1_141' title='bbox 485 1851 619 1935; x_wconf 87' lang='lat' dir='ltr'><strong>Scripsit</strong></span> <span class='ocrx_word' id='word_1_142' title='bbox 645 1852 743 1935; x_wconf 84' lang='lat' dir='ltr'><strong>igitur</strong></span> <span class='ocrx_word' id='word_1_143' title='bbox 764 1852 846 1918; x_wconf 90' lang='lat' dir='ltr'><strong>haec</strong></span> <span class='ocrx_word' id='word_1_144' title='bbox 867 1858 978 1917; x_wconf 88' lang='lat' dir='ltr'><strong>auctor</strong></span> <span class='ocrx_word' id='word_1_145' title='bbox 999 1850 1168 1933; x_wconf 86' lang='lat' dir='ltr'><strong>oriundus,</strong></span> <span class='ocrx_word' id='word_1_146' title='bbox 1203 1859 1357 1935; x_wconf 89' lang='lat' dir='ltr'><strong>utsupra</strong></span> <span class='ocrx_word' id='word_1_147' title='bbox 1380 1851 1536 1934; x_wconf 84' lang='lat' dir='ltr'><strong>diximus,</strong></span> <span class='ocrx_word' id='word_1_148' title='bbox 1570 1872 1610 1918; x_wconf 87' lang='lat' dir='ltr'><strong>ex</strong></span> <span class='ocrx_word' id='word_1_149' title='bbox 1637 1852 1784 1917; x_wconf 86' lang='lat' dir='ltr'><strong>‘Gothis&#39;</strong></span> <span class='ocrx_word' id='word_1_150' title='bbox 1809 1853 1904 1920; x_wconf 92' lang='lat' dir='ltr'><strong>Moe-</strong></span> 
     </span>
     <span class='ocr_line' id='line_1_14' title="bbox 266 1970 1899 2055; baseline 0.001 -18"><span class='ocrx_word' id='word_1_151' title='bbox 266 1971 372 2050; x_wconf 86' lang='lat' dir='ltr'><strong>siacis,</strong></span> <span class='ocrx_word' id='word_1_152' title='bbox 400 1972 549 2055; x_wconf 91' lang='lat' dir='ltr'><strong>quicum</strong></span> <span class='ocrx_word' id='word_1_153' title='bbox 573 1979 647 2037; x_wconf 90' lang='lat' dir='ltr'><strong>ante</strong></span> <span class='ocrx_word' id='word_1_154' title='bbox 670 1971 904 2038; x_wconf 83' lang='lat' dir='ltr'><strong>Theodericum</strong></span> <span class='ocrx_word' id='word_1_155' title='bbox 928 1971 961 2035; x_wconf 92' lang='lat' dir='ltr'><strong>in</strong></span> <span class='ocrx_word' id='word_1_156' title='bbox 983 1971 1034 2035; x_wconf 93' lang='lat' dir='ltr'><strong>his</strong></span> <span class='ocrx_word' id='word_1_157' title='bbox 1057 1970 1201 2054; x_wconf 90' lang='lat' dir='ltr'><strong>partibus</strong></span> <span class='ocrx_word' id='word_1_158' title='bbox 1224 1970 1463 2053; x_wconf 88' lang='lat' dir='ltr'><strong>consedissent,</strong></span> <span class='ocrx_word' id='word_1_159' title='bbox 1491 1971 1619 2037; x_wconf 91' lang='lat' dir='ltr'><strong>eumin</strong></span> <span class='ocrx_word' id='word_1_160' title='bbox 1643 1972 1770 2037; x_wconf 88' lang='lat' dir='ltr'><strong>ltaliam</strong></span> <span class='ocrx_word' id='word_1_161' title='bbox 1794 1973 1899 2039; x_wconf 88' lang='lat' dir='ltr'><strong>secuti</strong></span> 
     </span>
     <span class='ocr_line' id='line_1_15' title="bbox 248 2089 1898 2177; baseline 0 -20"><span class='ocrx_word' id='word_1_162' title='bbox 248 2112 329 2175; x_wconf 74' lang='lat' dir='ltr'><strong>;non</strong></span> <span class='ocrx_word' id='word_1_163' title='bbox 352 2098 442 2174; x_wconf 90' lang='lat' dir='ltr'><strong>sunt,</strong></span> <span class='ocrx_word' id='word_1_164' title='bbox 469 2090 593 2174; x_wconf 90' lang='lat' dir='ltr'><strong>degens</strong></span> <span class='ocrx_word' id='word_1_165' title='bbox 614 2091 649 2154; x_wconf 93' lang='lat' dir='ltr'><strong>in</strong></span> <span class='ocrx_word' id='word_1_166' title='bbox 670 2090 787 2174; x_wconf 90' lang='lat' dir='ltr'><strong>oppido</strong></span> <span class='ocrx_word' id='word_1_167' title='bbox 810 2090 919 2173; x_wconf 90' lang='lat' dir='ltr'><strong>aliquo</strong></span> <span class='ocrx_word' id='word_1_168' title='bbox 944 2089 1129 2155; x_wconf 91' lang='lat' dir='ltr'><strong>dioeceseos</strong></span> <span class='ocrx_word' id='word_1_169' title='bbox 1152 2090 1380 2172; x_wconf 87' lang='lat' dir='ltr'><strong>Thraciarum,</strong></span> <span class='ocrx_word' id='word_1_170' title='bbox 1406 2099 1484 2177; x_wconf 88' lang='lat' dir='ltr'><strong>puta</strong></span> <span class='ocrx_word' id='word_1_171' title='bbox 1506 2091 1617 2157; x_wconf 91' lang='lat' dir='ltr'><strong>Tomis</strong></span> <span class='ocrx_word' id='word_1_172' title='bbox 1640 2092 1692 2157; x_wconf 89' lang='lat' dir='ltr'><strong>vel</strong></span> <span class='ocrx_word' id='word_1_173' title='bbox 1714 2091 1898 2157; x_wconf 88' lang='lat' dir='ltr'><strong>Marciano·</strong></span> 
     </span>
     <span class='ocr_line' id='line_1_16' title="bbox 265 2209 1930 2306; baseline 0.002 -30.961"><span class='ocrx_word' id='word_1_174' title='bbox 243 2212 331 2296; x_wconf 91' lang='lat' dir='ltr'><strong>poli</strong></span> <span class='ocrx_word' id='word_1_175' title='bbox 361 2212 413 2277; x_wconf 88' lang='lat' dir='ltr'><strong>vel</strong></span> <span class='ocrx_word' id='word_1_176' title='bbox 436 2211 602 2292; x_wconf 85' lang='lat' dir='ltr'><strong>Anchiali,</strong></span> <span class='ocrx_word' id='word_1_177' title='bbox 636 2216 669 2275; x_wconf 94' lang='lat' dir='ltr'><strong>et</strong></span> <span class='ocrx_word' id='word_1_178' title='bbox 697 2230 737 2275; x_wconf 90' lang='lat' dir='ltr'><strong>ea</strong></span> <span class='ocrx_word' id='word_1_179' title='bbox 766 2209 965 2294; x_wconf 91' lang='lat' dir='ltr'><strong>potissimum</strong></span> <span class='ocrx_word' id='word_1_180' title='bbox 990 2209 1124 2291; x_wconf 84' lang='lat' dir='ltr'><strong>selegit,</strong></span> <span class='ocrx_word' id='word_1_181' title='bbox 1158 2230 1241 2292; x_wconf 90' lang='lat' dir='ltr'><strong>quae</strong></span> <span class='ocrx_word' id='word_1_182' title='bbox 1263 2211 1457 2276; x_wconf 91' lang='lat' dir='ltr'><strong>Moesiacum</strong></span> <span class='ocrx_word' id='word_1_183' title='bbox 1480 2212 1640 2277; x_wconf 90' lang='lat' dir='ltr'><strong>hominem</strong></span> <span class='ocrx_word' id='word_1_184' title='bbox 1664 2211 1899 2278; x_wconf 88' lang='lat' dir='ltr'><strong>Thracicumve</strong></span> <span class='ocrx_word' id='word_1_185' title='bbox 1926 2299 1930 2306; x_wconf 23' lang='lat'>⁸</span> 
     </span>
     <span class='ocr_line' id='line_1_17' title="bbox 264 2329 1894 2416; baseline 0.001 -21"><span class='ocrx_word' id='word_1_186' title='bbox 264 2336 435 2412; x_wconf 83' lang='lat' dir='ltr'><strong>tangerent</strong></span> <span class='ocrx_word' id='word_1_187' title='bbox 465 2330 696 2413; x_wconf 89' lang='lat' dir='ltr'><strong>comprehensa</strong></span> <span class='ocrx_word' id='word_1_188' title='bbox 725 2329 791 2395; x_wconf 91' lang='lat' dir='ltr'><strong>fere</strong></span> <span class='ocrx_word' id='word_1_189' title='bbox 821 2329 904 2395; x_wconf 89' lang='lat' dir='ltr'><strong>inter</strong></span> <span class='ocrx_word' id='word_1_190' title='bbox 934 2329 1100 2410; x_wconf 79' lang='lat' dir='ltr'><strong>Sirmium,</strong></span> <span class='ocrx_word' id='word_1_191' title='bbox 1136 2330 1299 2395; x_wconf 87' lang='lat' dir='ltr'><strong>Larissam</strong></span> <span class='ocrx_word' id='word_1_192' title='bbox 1322 2331 1531 2413; x_wconf 89' lang='lat' dir='ltr'><strong>Thessaliae,</strong></span> <span class='ocrx_word' id='word_1_193' title='bbox 1567 2331 1894 2416; x_wconf 62' lang='lat' dir='ltr'><strong>Constantinopolim</strong></span> 
     </span>
     <span class='ocr_line' id='line_1_18' title="bbox 265 2449 1897 2535; baseline 0.001 -21"><span class='ocrx_word' id='word_1_194' title='bbox 265 2471 339 2514; x_wconf 89' lang='lat' dir='ltr'><strong>narn</strong></span> <span class='ocrx_word' id='word_1_195' title='bbox 362 2449 575 2515; x_wconf 83' lang='lat' dir='ltr'><strong>Chalcedonis</strong></span> <span class='ocrx_word' id='word_1_196' title='bbox 597 2450 852 2514; x_wconf 88' lang='lat' dir='ltr'><strong>commemoratio</strong></span> <span class='ocrx_word' id='word_1_197' title='bbox 875 2456 960 2515; x_wconf 87' lang='lat' dir='ltr'><strong>recto</strong></span> <span class='ocrx_word' id='word_1_198' title='bbox 983 2470 1041 2533; x_wconf 95' lang='lat' dir='ltr'><strong>pro</strong></span> <span class='ocrx_word' id='word_1_199' title='bbox 1065 2449 1418 2535; x_wconf 78' lang='lat' dir='ltr'><strong>Constantinopolitano</strong></span> <span class='ocrx_word' id='word_1_200' title='bbox 1440 2450 1626 2535; x_wconf 84' lang='lat' dir='ltr'><strong>accipietur.</strong></span> <span class='ocrx_word' id='word_1_201' title='bbox 1650 2485 1694 2498; x_wconf 93' lang='lat'><strong>--</strong></span> <span class='ocrx_word' id='word_1_202' title='bbox 1717 2451 1776 2516; x_wconf 87' lang='lat' dir='ltr'><strong>Gui</strong></span> <span class='ocrx_word' id='word_1_203' title='bbox 1800 2451 1897 2516; x_wconf 91' lang='lat' dir='ltr'><strong>libel-</strong></span> 
     </span>
     <span class='ocr_line' id='line_1_19' title="bbox 264 2568 1896 2653; baseline 0.001 -19"><span class='ocrx_word' id='word_1_204' title='bbox 264 2571 365 2636; x_wconf 87' lang='lat' dir='ltr'><strong>lorum</strong></span> <span class='ocrx_word' id='word_1_205' title='bbox 397 2569 513 2653; x_wconf 89' lang='lat' dir='ltr'><strong>origini</strong></span> <span class='ocrx_word' id='word_1_206' title='bbox 543 2568 816 2634; x_wconf 89' lang='lat' dir='ltr'><strong>accommodatum</strong></span> <span class='ocrx_word' id='word_1_207' title='bbox 846 2576 910 2651; x_wconf 90' lang='lat' dir='ltr'><strong>est,</strong></span> <span class='ocrx_word' id='word_1_208' title='bbox 946 2569 1033 2652; x_wconf 92' lang='lat' dir='ltr'><strong>quod</strong></span> <span class='ocrx_word' id='word_1_209' title='bbox 1063 2570 1224 2651; x_wconf 85' lang='lat' dir='ltr'><strong>nationes,</strong></span> <span class='ocrx_word' id='word_1_210' title='bbox 1258 2590 1393 2652; x_wconf 87' lang='lat' dir='ltr'><strong>quarum</strong></span> <span class='ocrx_word' id='word_1_211' title='bbox 1421 2571 1621 2636; x_wconf 88' lang='lat' dir='ltr'><strong>incursiones</strong></span> <span class='ocrx_word' id='word_1_212' title='bbox 1655 2570 1896 2653; x_wconf 82' lang='lat' dir='ltr'><strong>‘quotidianae&#39;</strong></span> 
     </span>
     <span class='ocr_line' id='line_1_20' title="bbox 262 2688 1898 2774; baseline -0.001 -19"><span class='ocrx_word' id='word_1_213' title='bbox 262 2697 423 2756; x_wconf 87' lang='lat' dir='ltr'><strong>auctorem</strong></span> <span class='ocrx_word' id='word_1_214' title='bbox 454 2697 574 2755; x_wconf 88' lang='lat' dir='ltr'><strong>terrent</strong></span> <span class='ocrx_word' id='word_1_215' title='bbox 606 2690 707 2772; x_wconf 78' lang='lat' dir='ltr'><strong>(Rom.</strong></span> <span class='ocrx_word' id='word_1_216' title='bbox 741 2695 840 2767; x_wconf 70' lang='lat' dir='ltr'><strong>extr,</strong></span> <span class='ocrx_word' id='word_1_217' title='bbox 883 2688 955 2754; x_wconf 88' lang='lat' dir='ltr'><strong>Get.</strong></span> <span class='ocrx_word' id='word_1_218' title='bbox 989 2691 1027 2770; x_wconf 80' lang='lat'><strong>2,</strong></span> <span class='ocrx_word' id='word_1_219' title='bbox 1061 2691 1114 2752; x_wconf 86' lang='grc'><strong>31.</strong></span> <span class='ocrx_word' id='word_1_220' title='bbox 1154 2693 1212 2768; x_wconf 79' lang='grc'><strong>23,</strong></span> <span class='ocrx_word' id='word_1_221' title='bbox 1252 2693 1342 2773; x_wconf 87' lang='grc'><strong>119),</strong></span> <span class='ocrx_word' id='word_1_222' title='bbox 1380 2690 1512 2774; x_wconf 89' lang='lat' dir='ltr'><strong>Bulgari</strong></span> <span class='ocrx_word' id='word_1_223' title='bbox 1543 2690 1709 2755; x_wconf 89' lang='lat' dir='ltr'><strong>Venethae</strong></span> <span class='ocrx_word' id='word_1_224' title='bbox 1746 2691 1898 2755; x_wconf 88' lang='lat' dir='ltr'><strong>Sclaveni</strong></span> 
     </span>
     <span class='ocr_line' id='line_1_21' title="bbox 260 2808 1895 2895; baseline -0.002 -19"><span class='ocrx_word' id='word_1_225' title='bbox 260 2812 364 2877; x_wconf 82' lang='lat' dir='ltr'><strong>Antae</strong></span> <span class='ocrx_word' id='word_1_226' title='bbox 392 2810 415 2875; x_wconf 91' lang='lat' dir='ltr'><strong>ii</strong></span> <span class='ocrx_word' id='word_1_227' title='bbox 445 2810 508 2895; x_wconf 92' lang='lat' dir='ltr'><strong>ipsi</strong></span> <span class='ocrx_word' id='word_1_228' title='bbox 538 2816 627 2888; x_wconf 94' lang='lat' dir='ltr'><strong>sunt,</strong></span> <span class='ocrx_word' id='word_1_229' title='bbox 662 2809 717 2892; x_wconf 90' lang='lat' dir='ltr'><strong>qui</strong></span> <span class='ocrx_word' id='word_1_230' title='bbox 747 2830 786 2874; x_wconf 88' lang='lat' dir='ltr'><strong>ea</strong></span> <span class='ocrx_word' id='word_1_231' title='bbox 815 2815 921 2874; x_wconf 91' lang='lat' dir='ltr'><strong>aetate</strong></span> <span class='ocrx_word' id='word_1_232' title='bbox 944 2809 1098 2874; x_wconf 88' lang='lat' dir='ltr'><strong>Moesiam</strong></span> <span class='ocrx_word' id='word_1_233' title='bbox 1130 2815 1162 2874; x_wconf 88' lang='lat' dir='ltr'><strong>et</strong></span> <span class='ocrx_word' id='word_1_234' title='bbox 1183 2808 1354 2875; x_wconf 90' lang='lat' dir='ltr'><strong>Thraciam</strong></span> <span class='ocrx_word' id='word_1_235' title='bbox 1378 2809 1579 2894; x_wconf 91' lang='lat' dir='ltr'><strong>potissimum</strong></span> <span class='ocrx_word' id='word_1_236' title='bbox 1602 2809 1816 2892; x_wconf 86' lang='lat' dir='ltr'><strong>infestabant,</strong></span> <span class='ocrx_word' id='word_1_237' title='bbox 1850 2809 1895 2874; x_wconf 87' lang='lat' dir='ltr'><strong>ad</strong></span> 
     </span>
     <span class='ocr_line' id='line_1_22' title="bbox 259 2929 1895 3014; baseline -0.001 -18"><span class='ocrx_word' id='word_1_238' title='bbox 259 2951 341 3014; x_wconf 90' lang='lat' dir='ltr'><strong>quas</strong></span> <span class='ocrx_word' id='word_1_239' title='bbox 363 2930 569 2997; x_wconf 82' lang='lat' dir='ltr'><strong>excursiones</strong></span> <span class='ocrx_word' id='word_1_240' title='bbox 591 2950 665 2994; x_wconf 91' lang='lat' dir='ltr'><strong>mox</strong></span> <span class='ocrx_word' id='word_1_241' title='bbox 690 2950 793 2995; x_wconf 90' lang='lat' dir='ltr'><strong>sermo</strong></span> <span class='ocrx_word' id='word_1_242' title='bbox 816 2929 948 3011; x_wconf 89' lang='lat' dir='ltr'><strong>redibit,</strong></span> <span class='ocrx_word' id='word_1_243' title='bbox 982 2949 1053 2995; x_wconf 93' lang='lat' dir='ltr'><strong>cum</strong></span> <span class='ocrx_word' id='word_1_244' title='bbox 1082 2935 1196 3011; x_wconf 87' lang='lat' dir='ltr'><strong>agetur</strong></span> <span class='ocrx_word' id='word_1_245' title='bbox 1226 2929 1266 2994; x_wconf 89' lang='lat' dir='ltr'><strong>dc</strong></span> <span class='ocrx_word' id='word_1_246' title='bbox 1297 2936 1440 3014; x_wconf 91' lang='lat' dir='ltr'><strong>tempore</strong></span> <span class='ocrx_word' id='word_1_247' title='bbox 1470 2950 1533 3013; x_wconf 91' lang='lat' dir='ltr'><strong>quo</strong></span> <span class='ocrx_word' id='word_1_248' title='bbox 1564 2929 1636 2994; x_wconf 92' lang='lat' dir='ltr'><strong>libri</strong></span> <span class='ocrx_word' id='word_1_249' title='bbox 1667 2929 1778 3014; x_wconf 92' lang='lat' dir='ltr'><strong>scripti</strong></span> <span class='ocrx_word' id='word_1_250' title='bbox 1808 2938 1895 2995; x_wconf 90' lang='lat' dir='ltr'><strong>sunt.</strong></span> 
     </span>
     <span class='ocr_line' id='line_1_23' title="bbox 261 3048 1899 3130; baseline -0.002 -14"><span class='ocrx_word' id='word_1_251' title='bbox 261 3052 336 3118; x_wconf 89' lang='lat' dir='ltr'><strong>item</strong></span> <span class='ocrx_word' id='word_1_252' title='bbox 359 3051 634 3117; x_wconf 87' lang='lat' dir='ltr'><strong>accommodatum</strong></span> <span class='ocrx_word' id='word_1_253' title='bbox 660 3057 709 3114; x_wconf 89' lang='lat' dir='ltr'><strong>est</strong></span> <span class='ocrx_word' id='word_1_254' title='bbox 732 3069 889 3114; x_wconf 89' lang='lat' dir='ltr'><strong>summum</strong></span> <span class='ocrx_word' id='word_1_255' title='bbox 913 3049 1053 3115; x_wconf 88' lang='lat' dir='ltr'><strong>studium</strong></span> <span class='ocrx_word' id='word_1_256' title='bbox 1076 3049 1215 3115; x_wconf 89' lang='lat' dir='ltr'><strong>auctoris</strong></span> <span class='ocrx_word' id='word_1_257' title='bbox 1237 3055 1303 3113; x_wconf 89' lang='lat' dir='ltr'><strong>tam</strong></span> <span class='ocrx_word' id='word_1_258' title='bbox 1326 3049 1360 3114; x_wconf 93' lang='lat' dir='ltr'><strong>in</strong></span> <span class='ocrx_word' id='word_1_259' title='bbox 1383 3049 1578 3115; x_wconf 83' lang='lat' dir='ltr'><strong>Germanum</strong></span> <span class='ocrx_word' id='word_1_260' title='bbox 1594 3068 1689 3130; x_wconf 87' lang='lat' dir='ltr'><strong>quarn</strong></span> <span class='ocrx_word' id='word_1_261' title='bbox 1712 3049 1747 3113; x_wconf 93' lang='lat' dir='ltr'><strong>in</strong></span> <span class='ocrx_word' id='word_1_262' title='bbox 1768 3048 1899 3114; x_wconf 88' lang='lat' dir='ltr'><strong>Belisa-</strong></span> 
     </span>
     <span class='ocr_line' id='line_1_24' title="bbox 260 3168 1897 3252; baseline -0.002 -15"><span class='ocrx_word' id='word_1_263' title='bbox 260 3172 353 3237; x_wconf 91' lang='lat' dir='ltr'><strong>rium.</strong></span> <span class='ocrx_word' id='word_1_264' title='bbox 387 3171 568 3236; x_wconf 88' lang='lat' dir='ltr'><strong>Germanus</strong></span> <span class='ocrx_word' id='word_1_265' title='bbox 591 3169 676 3235; x_wconf 93' lang='lat' dir='ltr'><strong>enim</strong></span> <span class='ocrx_word' id='word_1_266' title='bbox 699 3170 870 3234; x_wconf 87' lang='lat' dir='ltr'><strong>Iustiniani</strong></span> <span class='ocrx_word' id='word_1_267' title='bbox 886 3169 994 3233; x_wconf 86' lang='lat' dir='ltr'><strong>fratris</strong></span> <span class='ocrx_word' id='word_1_268' title='bbox 1010 3168 1095 3234; x_wconf 81' lang='lat' dir='ltr'><strong>filius</strong></span> <span class='ocrx_word' id='word_1_269' title='bbox 1112 3175 1237 3233; x_wconf 89' lang='lat' dir='ltr'><strong>creatus</strong></span> <span class='ocrx_word' id='word_1_270' title='bbox 1254 3169 1410 3250; x_wconf 91' lang='lat' dir='ltr'><strong>magister</strong></span> <span class='ocrx_word' id='word_1_271' title='bbox 1425 3169 1561 3234; x_wconf 92' lang='lat' dir='ltr'><strong>militum</strong></span> <span class='ocrx_word' id='word_1_272' title='bbox 1577 3188 1635 3252; x_wconf 91' lang='lat' dir='ltr'><strong>per</strong></span> <span class='ocrx_word' id='word_1_273' title='bbox 1649 3168 1820 3233; x_wconf 88' lang='lat' dir='ltr'><strong>Thraciam</strong></span> <span class='ocrx_word' id='word_1_274' title='bbox 1838 3169 1897 3234; x_wconf 88' lang='lat' dir='ltr'><strong>has</strong></span> 
     </span>
     <span class='ocr_line' id='line_1_25' title="bbox 261 3287 1897 3376; baseline -0.003 -19"><span class='ocrx_word' id='word_1_275' title='bbox 261 3292 410 3376; x_wconf 88' lang='lat' dir='ltr'><strong>regiones</strong></span> <span class='ocrx_word' id='word_1_276' title='bbox 433 3311 454 3355; x_wconf 90' lang='lat' dir='ltr'><strong>a</strong></span> <span class='ocrx_word' id='word_1_277' title='bbox 474 3289 620 3355; x_wconf 88' lang='lat' dir='ltr'><strong>barbaris</strong></span> <span class='ocrx_word' id='word_1_278' title='bbox 643 3289 795 3354; x_wconf 89' lang='lat' dir='ltr'><strong>liberarat</strong></span> <span class='ocrx_word' id='word_1_279' title='bbox 817 3288 950 3353; x_wconf 87' lang='lat' dir='ltr'><strong>victoria</strong></span> <span class='ocrx_word' id='word_1_280' title='bbox 972 3288 1019 3352; x_wconf 91' lang='lat' dir='ltr'><strong>ita</strong></span> <span class='ocrx_word' id='word_1_281' title='bbox 1041 3288 1138 3367; x_wconf 87' lang='lat' dir='ltr'><strong>clara,</strong></span> <span class='ocrx_word' id='word_1_282' title='bbox 1166 3293 1201 3352; x_wconf 93' lang='lat' dir='ltr'><strong>ut</strong></span> <span class='ocrx_word' id='word_1_283' title='bbox 1223 3288 1326 3352; x_wconf 90' lang='lat' dir='ltr'><strong>solum</strong></span> <span class='ocrx_word' id='word_1_284' title='bbox 1349 3309 1464 3353; x_wconf 93' lang='lat' dir='ltr'><strong>nomen</strong></span> <span class='ocrx_word' id='word_1_285' title='bbox 1488 3287 1559 3352; x_wconf 91' lang='lat' dir='ltr'><strong>eius</strong></span> <span class='ocrx_word' id='word_1_286' title='bbox 1582 3288 1758 3354; x_wconf 85' lang='lat' dir='ltr'><strong>Sclavenos</strong></span> <span class='ocrx_word' id='word_1_287' title='bbox 1780 3289 1821 3354; x_wconf 91' lang='lat' dir='ltr'><strong>ab</strong></span> <span class='ocrx_word' id='word_1_288' title='bbox 1844 3288 1897 3352; x_wconf 92' lang='grc'><strong>15-</strong></span> 
     </span>
     <span class='ocr_line' id='line_1_26' title="bbox 261 3407 1894 3492; baseline -0.002 -15"><span class='ocrx_word' id='word_1_289' title='bbox 261 3411 462 3478; x_wconf 92' lang='lat' dir='ltr'><strong>cursionibus</strong></span> <span class='ocrx_word' id='word_1_290' title='bbox 485 3411 669 3490; x_wconf 89' lang='lat' dir='ltr'><strong>deterreret,</strong></span> <span class='ocrx_word' id='word_1_291' title='bbox 696 3428 833 3490; x_wconf 89' lang='lat' dir='ltr'><strong>cumque</strong></span> <span class='ocrx_word' id='word_1_292' title='bbox 857 3428 895 3473; x_wconf 94' lang='lat' dir='ltr'><strong>eo</strong></span> <span class='ocrx_word' id='word_1_293' title='bbox 917 3407 987 3492; x_wconf 93' lang='lat' dir='ltr'><strong>ipso</strong></span> <span class='ocrx_word' id='word_1_294' title='bbox 1009 3414 1151 3491; x_wconf 85' lang='lat' dir='ltr'><strong>tempore</strong></span> <span class='ocrx_word' id='word_1_295' title='bbox 1174 3413 1310 3472; x_wconf 89' lang='lat' dir='ltr'><strong>tutorem</strong></span> <span class='ocrx_word' id='word_1_296' title='bbox 1334 3427 1425 3472; x_wconf 91' lang='lat' dir='ltr'><strong>suum</strong></span> <span class='ocrx_word' id='word_1_297' title='bbox 1445 3407 1617 3474; x_wconf 88' lang='lat' dir='ltr'><strong>immatura</strong></span> <span class='ocrx_word' id='word_1_298' title='bbox 1632 3416 1732 3473; x_wconf 89' lang='lat' dir='ltr'><strong>morte</strong></span> <span class='ocrx_word' id='word_1_299' title='bbox 1748 3416 1894 3492; x_wconf 86' lang='lat' dir='ltr'><strong>ereptum</strong></span> 
     </span>
     <span class='ocr_line' id='line_1_27' title="bbox 260 3527 1893 3613; baseline -0.002 -16"><span class='ocrx_word' id='word_1_300' title='bbox 260 3533 322 3597; x_wconf 92' lang='lat' dir='ltr'><strong>hae</strong></span> <span class='ocrx_word' id='word_1_301' title='bbox 345 3530 495 3613; x_wconf 90' lang='lat' dir='ltr'><strong>regiones</strong></span> <span class='ocrx_word' id='word_1_302' title='bbox 517 3529 604 3594; x_wconf 86' lang='lat' dir='ltr'><strong>iusta</strong></span> <span class='ocrx_word' id='word_1_303' title='bbox 626 3528 873 3612; x_wconf 90' lang='lat' dir='ltr'><strong>comploratione</strong></span> <span class='ocrx_word' id='word_1_304' title='bbox 896 3527 1111 3611; x_wconf 74' lang='lat' dir='ltr'><strong>lugebant¹⁷).</strong></span> <span class='ocrx_word' id='word_1_305' title='bbox 1151 3527 1328 3593; x_wconf 88' lang='lat' dir='ltr'><strong>Belisarius</strong></span> <span class='ocrx_word' id='word_1_306' title='bbox 1351 3533 1469 3611; x_wconf 90' lang='lat' dir='ltr'><strong>autem,</strong></span> <span class='ocrx_word' id='word_1_307' title='bbox 1489 3548 1584 3610; x_wconf 88' lang='lat' dir='ltr'><strong>quem</strong></span> <span class='ocrx_word' id='word_1_308' title='bbox 1600 3527 1751 3593; x_wconf 89' lang='lat' dir='ltr'><strong>laudibus</strong></span> <span class='ocrx_word' id='word_1_309' title='bbox 1767 3527 1893 3593; x_wconf 81' lang='lat' dir='ltr'><strong>extollit</strong></span> 
     </span>
     <span class='ocr_line' id='line_1_28' title="bbox 261 3646 1888 3738; baseline -0.006 -19"><span class='ocrx_word' id='word_1_310' title='bbox 261 3674 358 3738; x_wconf 90' lang='lat' dir='ltr'><strong>supra</strong></span> <span class='ocrx_word' id='word_1_311' title='bbox 379 3651 599 3737; x_wconf 71' lang='lat' dir='ltr'><strong>privatum¹⁵),</strong></span> <span class='ocrx_word' id='word_1_312' title='bbox 625 3648 779 3713; x_wconf 90' lang='lat' dir='ltr'><strong>oriundus</strong></span> <span class='ocrx_word' id='word_1_313' title='bbox 801 3647 862 3713; x_wconf 90' lang='lat' dir='ltr'><strong>fuit</strong></span> <span class='ocrx_word' id='word_1_314' title='bbox 884 3668 925 3712; x_wconf 92' lang='lat' dir='ltr'><strong>ex</strong></span> <span class='ocrx_word' id='word_1_315' title='bbox 948 3647 1109 3713; x_wconf 88' lang='lat' dir='ltr'><strong>Germana</strong></span> <span class='ocrx_word' id='word_1_316' title='bbox 1131 3646 1249 3733; x_wconf 93' lang='lat' dir='ltr'><strong>oppido</strong></span> <span class='ocrx_word' id='word_1_317' title='bbox 1272 3647 1393 3713; x_wconf 90' lang='lat' dir='ltr'><strong>Daciae</strong></span> <span class='ocrx_word' id='word_1_318' title='bbox 1416 3648 1729 3727; x_wconf 60' lang='lat' dir='ltr'><strong>mediterraneaeffl).</strong></span> <span class='ocrx_word' id='word_1_319' title='bbox 1775 3647 1888 3712; x_wconf 91' lang='lat' dir='ltr'><strong>eodem</strong></span> 
     </span>
     <span class='ocr_line' id='line_1_29' title="bbox 259 3766 1890 3854; baseline -0.006 -14"><span class='ocrx_word' id='word_1_320' title='bbox 259 3773 344 3840; x_wconf 85' lang='lat' dir='ltr'><strong>redit</strong></span> <span class='ocrx_word' id='word_1_321' title='bbox 365 3770 451 3854; x_wconf 89' lang='lat' dir='ltr'><strong>quod</strong></span> <span class='ocrx_word' id='word_1_322' title='bbox 473 3769 563 3835; x_wconf 87' lang='lat' dir='ltr'><strong>novit</strong></span> <span class='ocrx_word' id='word_1_323' title='bbox 576 3767 727 3834; x_wconf 85' lang='lat' dir='ltr'><strong>Vulfilam</strong></span> <span class='ocrx_word' id='word_1_324' title='bbox 750 3768 934 3852; x_wconf 88' lang='lat' dir='ltr'><strong>episcopum</strong></span> <span class='ocrx_word' id='word_1_325' title='bbox 958 3775 990 3833; x_wconf 92' lang='lat' dir='ltr'><strong>et</strong></span> <span class='ocrx_word' id='word_1_326' title='bbox 1012 3768 1190 3852; x_wconf 86' lang='lat' dir='ltr'><strong>primatem,</strong></span> <span class='ocrx_word' id='word_1_327' title='bbox 1217 3774 1251 3833; x_wconf 91' lang='lat' dir='ltr'><strong>ut</strong></span> <span class='ocrx_word' id='word_1_328' title='bbox 1272 3768 1327 3850; x_wconf 89' lang='lat' dir='ltr'><strong>ait,</strong></span> <span class='ocrx_word' id='word_1_329' title='bbox 1355 3768 1529 3834; x_wconf 86' lang='lat' dir='ltr'><strong>Gothorum</strong></span> <span class='ocrx_word' id='word_1_330' title='bbox 1547 3767 1703 3832; x_wconf 90' lang='lat' dir='ltr'><strong>minorum</strong></span> <span class='ocrx_word' id='word_1_331' title='bbox 1718 3766 1751 3832; x_wconf 93' lang='lat' dir='ltr'><strong>in</strong></span> <span class='ocrx_word' id='word_1_332' title='bbox 1768 3767 1890 3832; x_wconf 89' lang='lat' dir='ltr'><strong>Moesia</strong></span> 
     </span>
     <span class='ocr_line' id='line_1_30' title="bbox 265 3886 1887 3979; baseline -0.007 -18"><span class='ocrx_word' id='word_1_333' title='bbox 265 3898 303 3979; x_wconf 84' lang='lat' dir='ltr'><strong>(c.</strong></span> <span class='ocrx_word' id='word_1_334' title='bbox 321 3899 373 3974; x_wconf 92' lang='grc'><strong>51,</strong></span> <span class='ocrx_word' id='word_1_335' title='bbox 393 3895 466 3974; x_wconf 78' lang='lat'><strong>267)</strong></span> <span class='ocrx_word' id='word_1_336' title='bbox 493 3889 583 3954; x_wconf 90' lang='lat' dir='ltr'><strong>aliud</strong></span> <span class='ocrx_word' id='word_1_337' title='bbox 605 3888 749 3953; x_wconf 89' lang='lat' dir='ltr'><strong>eiusdem</strong></span> <span class='ocrx_word' id='word_1_338' title='bbox 773 3887 912 3971; x_wconf 88' lang='lat' dir='ltr'><strong>regionis</strong></span> <span class='ocrx_word' id='word_1_339' title='bbox 935 3887 1034 3952; x_wconf 91' lang='lat' dir='ltr'><strong>decus</strong></span> <span class='ocrx_word' id='word_1_340' title='bbox 1056 3888 1194 3953; x_wconf 89' lang='lat' dir='ltr'><strong>illustre.</strong></span> <span class='ocrx_word' id='word_1_341' title='bbox 1234 3887 1331 3953; x_wconf 88' lang='lat' dir='ltr'><strong>etiam</strong></span> <span class='ocrx_word' id='word_1_342' title='bbox 1355 3888 1512 3969; x_wconf 90' lang='lat' dir='ltr'><strong>convenit,</strong></span> <span class='ocrx_word' id='word_1_343' title='bbox 1539 3887 1624 3975; x_wconf 90' lang='lat' dir='ltr'><strong>quod</strong></span> <span class='ocrx_word' id='word_1_344' title='bbox 1640 3888 1674 3951; x_wconf 94' lang='lat' dir='ltr'><strong>in</strong></span> <span class='ocrx_word' id='word_1_345' title='bbox 1688 3886 1887 3971; x_wconf 85' lang='lat' dir='ltr'><strong>praefatione</strong></span> 
     </span>
     <span class='ocr_line' id='line_1_31' title="bbox 260 4006 1890 4091; baseline -0.007 -10"><span class='ocrx_word' id='word_1_346' title='bbox 260 4016 442 4081; x_wconf 91' lang='lat' dir='ltr'><strong>Geticorunr</strong></span> <span class='ocrx_word' id='word_1_347' title='bbox 466 4010 610 4077; x_wconf 91' lang='lat' dir='ltr'><strong>libellum</strong></span> <span class='ocrx_word' id='word_1_348' title='bbox 633 4015 743 4074; x_wconf 83' lang='lat' dir='ltr'><strong>auctor</strong></span> <span class='ocrx_word' id='word_1_349' title='bbox 765 4008 907 4074; x_wconf 83' lang='lat' dir='ltr'><strong>Castalio</strong></span> <span class='ocrx_word' id='word_1_350' title='bbox 930 4008 1033 4073; x_wconf 87' lang='lat' dir='ltr'><strong>amico</strong></span> <span class='ocrx_word' id='word_1_351' title='bbox 1055 4007 1102 4073; x_wconf 90' lang='lat' dir='ltr'><strong>ita</strong></span> <span class='ocrx_word' id='word_1_352' title='bbox 1124 4007 1340 4088; x_wconf 88' lang='lat' dir='ltr'><strong>commendat,</strong></span> <span class='ocrx_word' id='word_1_353' title='bbox 1375 4015 1409 4073; x_wconf 91' lang='lat' dir='ltr'><strong>ut</strong></span> <span class='ocrx_word' id='word_1_354' title='bbox 1432 4007 1560 4090; x_wconf 91' lang='lat' dir='ltr'><strong>siquid</strong></span> <span class='ocrx_word' id='word_1_355' title='bbox 1583 4007 1667 4072; x_wconf 88' lang='lat' dir='ltr'><strong>desit</strong></span> <span class='ocrx_word' id='word_1_356' title='bbox 1688 4007 1758 4091; x_wconf 91' lang='lat' dir='ltr'><strong>ipse</strong></span> <span class='ocrx_word' id='word_1_357' title='bbox 1788 4006 1890 4072; x_wconf 86' lang='lat' dir='ltr'><strong>addat</strong></span> 
     </span>
     <span class='ocr_line' id='line_1_32' title="bbox 264 4126 1887 4213; baseline -0.006 -13"><span class='ocrx_word' id='word_1_358' title='bbox 264 4139 317 4201; x_wconf 82' lang='lat' dir='ltr'><strong>‘ut</strong></span> <span class='ocrx_word' id='word_1_359' title='bbox 338 4133 461 4200; x_wconf 89' lang='lat' dir='ltr'><strong>vicinus</strong></span> <span class='ocrx_word' id='word_1_360' title='bbox 484 4130 596 4213; x_wconf 88' lang='lat' dir='ltr'><strong>genti’,</strong></span> <span class='ocrx_word' id='word_1_361' title='bbox 623 4129 730 4212; x_wconf 85' lang='lat' dir='ltr'><strong>itaque</strong></span> <span class='ocrx_word' id='word_1_362' title='bbox 753 4150 815 4193; x_wconf 91' lang='lat' dir='ltr'><strong>non</strong></span> <span class='ocrx_word' id='word_1_363' title='bbox 838 4128 973 4193; x_wconf 90' lang='lat' dir='ltr'><strong>obscure</strong></span> <span class='ocrx_word' id='word_1_364' title='bbox 996 4127 1159 4210; x_wconf 84' lang='lat' dir='ltr'><strong>significat</strong></span> <span class='ocrx_word' id='word_1_365' title='bbox 1173 4147 1208 4193; x_wconf 92' lang='lat' dir='ltr'><strong>se</strong></span> <span class='ocrx_word' id='word_1_366' title='bbox 1224 4126 1342 4210; x_wconf 88' lang='lat' dir='ltr'><strong>degere</strong></span> <span class='ocrx_word' id='word_1_367' title='bbox 1357 4127 1391 4191; x_wconf 94' lang='lat' dir='ltr'><strong>in</strong></span> <span class='ocrx_word' id='word_1_368' title='bbox 1407 4127 1485 4193; x_wconf 92' lang='lat' dir='ltr'><strong>locis</strong></span> <span class='ocrx_word' id='word_1_369' title='bbox 1501 4148 1522 4191; x_wconf 92' lang='lat' dir='ltr'><strong>a</strong></span> <span class='ocrx_word' id='word_1_370' title='bbox 1536 4126 1697 4211; x_wconf 90' lang='lat' dir='ltr'><strong>primariis</strong></span> <span class='ocrx_word' id='word_1_371' title='bbox 1713 4126 1887 4191; x_wconf 84' lang='lat' dir='ltr'><strong>Gothorum</strong></span> 
     </span>
     <span class='ocr_line' id='line_1_33' title="bbox 260 4247 1889 4333; baseline -0.009 -11"><span class='ocrx_word' id='word_1_372' title='bbox 260 4255 393 4322; x_wconf 89' lang='lat' dir='ltr'><strong>sedibus</strong></span> <span class='ocrx_word' id='word_1_373' title='bbox 415 4253 512 4333; x_wconf 83' lang='lat' dir='ltr'><strong>longe</strong></span> <span class='ocrx_word' id='word_1_374' title='bbox 534 4249 674 4332; x_wconf 89' lang='lat' dir='ltr'><strong>remotis,</strong></span> <span class='ocrx_word' id='word_1_375' title='bbox 700 4250 814 4332; x_wconf 88' lang='lat' dir='ltr'><strong>quales</strong></span> <span class='ocrx_word' id='word_1_376' title='bbox 837 4247 966 4314; x_wconf 88' lang='lat' dir='ltr'><strong>fuerunt</strong></span> <span class='ocrx_word' id='word_1_377' title='bbox 987 4248 1155 4314; x_wconf 89' lang='lat' dir='ltr'><strong>Thraciae.</strong></span> <span class='ocrx_word' id='word_1_378' title='bbox 1203 4247 1342 4330; x_wconf 90' lang='lat' dir='ltr'><strong>denique</strong></span> <span class='ocrx_word' id='word_1_379' title='bbox 1365 4247 1557 4313; x_wconf 88' lang='lat' dir='ltr'><strong>conveniunt</strong></span> <span class='ocrx_word' id='word_1_380' title='bbox 1585 4267 1668 4330; x_wconf 88' lang='lat' dir='ltr'><strong>quae</strong></span> <span class='ocrx_word' id='word_1_381' title='bbox 1691 4254 1799 4313; x_wconf 87' lang='lat' dir='ltr'><strong>narrat</strong></span> <span class='ocrx_word' id='word_1_382' title='bbox 1820 4247 1889 4310; x_wconf 92' lang='lat' dir='ltr'><strong>Ior-</strong></span> 
     </span>
     <span class='ocr_line' id='line_1_34' title="bbox 260 4366 1884 4452; baseline -0.009 -9"><span class='ocrx_word' id='word_1_383' title='bbox 260 4378 361 4443; x_wconf 91' lang='lat' dir='ltr'><strong>danes</strong></span> <span class='ocrx_word' id='word_1_384' title='bbox 385 4373 458 4438; x_wconf 89' lang='lat' dir='ltr'><strong>Get.</strong></span> <span class='ocrx_word' id='word_1_385' title='bbox 487 4373 535 4452; x_wconf 86' lang='grc'><strong>19,</strong></span> <span class='ocrx_word' id='word_1_386' title='bbox 566 4375 624 4433; x_wconf 84' lang='grc'><strong>1114</strong></span> <span class='ocrx_word' id='word_1_387' title='bbox 655 4369 695 4434; x_wconf 93' lang='lat' dir='ltr'><strong>de</strong></span> <span class='ocrx_word' id='word_1_388' title='bbox 719 4368 904 4452; x_wconf 88' lang='lat' dir='ltr'><strong>pestilentia</strong></span> <span class='ocrx_word' id='word_1_389' title='bbox 926 4389 1020 4451; x_wconf 90' lang='lat' dir='ltr'><strong>quam</strong></span> <span class='ocrx_word' id='word_1_390' title='bbox 1052 4375 1127 4433; x_wconf 91' lang='lat' dir='ltr'><strong>‘nos</strong></span> <span class='ocrx_word' id='word_1_391' title='bbox 1156 4373 1230 4432; x_wconf 88' lang='lat' dir='ltr'><strong>ante</strong></span> <span class='ocrx_word' id='word_1_392' title='bbox 1257 4367 1316 4432; x_wconf 94' lang='lat' dir='ltr'><strong>hos</strong></span> <span class='ocrx_word' id='word_1_393' title='bbox 1337 4389 1451 4433; x_wconf 87' lang='lat' dir='ltr'><strong>novem</strong></span> <span class='ocrx_word' id='word_1_394' title='bbox 1475 4387 1577 4431; x_wconf 90' lang='lat' dir='ltr'><strong>annos</strong></span> <span class='ocrx_word' id='word_1_395' title='bbox 1600 4366 1724 4451; x_wconf 86' lang='lat' dir='ltr'><strong>experti</strong></span> <span class='ocrx_word' id='word_1_396' title='bbox 1746 4368 1884 4431; x_wconf 87' lang='lat' dir='ltr'><strong>sumus&#39;.</strong></span> 
     </span>
     <span class='ocr_line' id='line_1_35' title="bbox 225 4486 1889 4575; baseline -0.008 -12"><span class='ocrx_word' id='word_1_397' title='bbox 225 4499 232 4563; x_wconf 96' lang='grc'><strong>1</strong></span> <span class='ocrx_word' id='word_1_398' title='bbox 260 4516 334 4562; x_wconf 89' lang='lat' dir='ltr'><strong>nam</strong></span> <span class='ocrx_word' id='word_1_399' title='bbox 357 4514 430 4558; x_wconf 94' lang='lat' dir='ltr'><strong>cum</strong></span> <span class='ocrx_word' id='word_1_400' title='bbox 452 4489 624 4575; x_wconf 88' lang='lat' dir='ltr'><strong>scripserit,</strong></span> <span class='ocrx_word' id='word_1_401' title='bbox 651 4496 686 4554; x_wconf 91' lang='lat' dir='ltr'><strong>ut</strong></span> <span class='ocrx_word' id='word_1_402' title='bbox 706 4489 792 4555; x_wconf 91' lang='lat' dir='ltr'><strong>infra</strong></span> <span class='ocrx_word' id='word_1_403' title='bbox 813 4489 1004 4571; x_wconf 85' lang='lat' dir='ltr'><strong>videbimus,</strong></span> <span class='ocrx_word' id='word_1_404' title='bbox 1030 4508 1113 4552; x_wconf 92' lang='lat' dir='ltr'><strong>anno</strong></span> <span class='ocrx_word' id='word_1_405' title='bbox 1135 4509 1167 4571; x_wconf 93' lang='lat' dir='ltr'><strong>p.</strong></span> <span class='ocrx_word' id='word_1_406' title='bbox 1191 4487 1265 4553; x_wconf 82' lang='lat' dir='ltr'><strong>Cirr.</strong></span> <span class='ocrx_word' id='word_1_407' title='bbox 1286 4492 1359 4568; x_wconf 90' lang='grc'><strong>551,</strong></span> <span class='ocrx_word' id='word_1_408' title='bbox 1385 4489 1513 4552; x_wconf 91' lang='lat' dir='ltr'><strong>morbus</strong></span> <span class='ocrx_word' id='word_1_409' title='bbox 1536 4486 1735 4570; x_wconf 84' lang='lat' dir='ltr'><strong>significatur</strong></span> <span class='ocrx_word' id='word_1_410' title='bbox 1757 4506 1889 4569; x_wconf 86' lang='lat' dir='ltr'><strong>grassa-</strong></span> 
     </span>
     <span class='ocr_line' id='line_1_36' title="bbox 259 4606 1885 4693; baseline -0.009 -10"><span class='ocrx_word' id='word_1_411' title='bbox 259 4625 311 4683; x_wconf 90' lang='lat' dir='ltr'><strong>tus</strong></span> <span class='ocrx_word' id='word_1_412' title='bbox 333 4634 417 4680; x_wconf 88' lang='lat' dir='ltr'><strong>anno</strong></span> <span class='ocrx_word' id='word_1_413' title='bbox 440 4613 503 4674; x_wconf 81' lang='lat'><strong>542</strong></span> <span class='ocrx_word' id='word_1_414' title='bbox 525 4611 578 4676; x_wconf 91' lang='lat' dir='ltr'><strong>vel</strong></span> <span class='ocrx_word' id='word_1_415' title='bbox 601 4613 674 4675; x_wconf 84' lang='grc'>543.</span> <span class='ocrx_word' id='word_1_416' title='bbox 715 4609 756 4674; x_wconf 92' lang='lat' dir='ltr'><strong>de</strong></span> <span class='ocrx_word' id='word_1_417' title='bbox 778 4607 964 4693; x_wconf 89' lang='lat' dir='ltr'><strong>pestilentia</strong></span> <span class='ocrx_word' id='word_1_418' title='bbox 986 4607 1055 4673; x_wconf 91' lang='lat' dir='ltr'><strong>eius</strong></span> <span class='ocrx_word' id='word_1_419' title='bbox 1078 4607 1239 4691; x_wconf 89' lang='lat' dir='ltr'><strong>temporis,</strong></span> <span class='ocrx_word' id='word_1_420' title='bbox 1266 4627 1323 4691; x_wconf 94' lang='lat' dir='ltr'><strong>per</strong></span> <span class='ocrx_word' id='word_1_421' title='bbox 1344 4628 1439 4689; x_wconf 91' lang='lat' dir='ltr'><strong>quam</strong></span> <span class='ocrx_word' id='word_1_422' title='bbox 1456 4607 1628 4691; x_wconf 92' lang='lat' dir='ltr'><strong>Procopius</strong></span> <span class='ocrx_word' id='word_1_423' title='bbox 1655 4606 1779 4688; x_wconf 68' lang='lat' dir='ltr'><strong>(anecd.</strong></span> <span class='ocrx_word' id='word_1_424' title='bbox 1798 4628 1824 4671; x_wconf 95' lang='lat' dir='ltr'><strong>c.</strong></span> <span class='ocrx_word' id='word_1_425' title='bbox 1848 4608 1885 4669; x_wconf 86' lang='grc'><strong>18</strong></span> 
     </span>
     <span class='ocr_line' id='line_1_37' title="bbox 260 4726 1887 4821; baseline -0.005 -23"><span class='ocrx_word' id='word_1_426' title='bbox 260 4758 293 4821; x_wconf 89' lang='lat' dir='ltr'><strong>p.</strong></span> <span class='ocrx_word' id='word_1_427' title='bbox 314 4734 506 4814; x_wconf 74' lang='grc'><strong>1115555.)</strong></span> <span class='ocrx_word' id='word_1_428' title='bbox 531 4731 577 4796; x_wconf 92' lang='lat' dir='ltr'><strong>ait</strong></span> <span class='ocrx_word' id='word_1_429' title='bbox 604 4729 771 4794; x_wconf 89' lang='lat' dir='ltr'><strong>dimidiam</strong></span> <span class='ocrx_word' id='word_1_430' title='bbox 800 4735 924 4813; x_wconf 93' lang='lat' dir='ltr'><strong>partem</strong></span> <span class='ocrx_word' id='word_1_431' title='bbox 955 4728 1116 4793; x_wconf 92' lang='lat' dir='ltr'><strong>hominum</strong></span> <span class='ocrx_word' id='word_1_432' title='bbox 1147 4733 1213 4792; x_wconf 89' lang='lat' dir='ltr'><strong>turn</strong></span> <span class='ocrx_word' id='word_1_433' title='bbox 1244 4726 1419 4792; x_wconf 86' lang='lat' dir='ltr'><strong>viventium</strong></span> <span class='ocrx_word' id='word_1_434' title='bbox 1447 4727 1621 4805; x_wconf 89' lang='lat' dir='ltr'><strong>interiisse,</strong></span> <span class='ocrx_word' id='word_1_435' title='bbox 1655 4747 1739 4808; x_wconf 88' lang='lat' dir='ltr'><strong>quac</strong></span> <span class='ocrx_word' id='word_1_436' title='bbox 1768 4726 1887 4791; x_wconf 86' lang='lat' dir='ltr'><strong>tradita</strong></span> 
     </span>
     <span class='ocr_line' id='line_1_38' title="bbox 259 4846 1886 4939; baseline -0.007 -18"><span class='ocrx_word' id='word_1_437' title='bbox 259 4855 443 4939; x_wconf 89' lang='lat' dir='ltr'><strong>accepimus</strong></span> <span class='ocrx_word' id='word_1_438' title='bbox 471 4852 614 4935; x_wconf 86' lang='lat' dir='ltr'><strong>(collecta</strong></span> <span class='ocrx_word' id='word_1_439' title='bbox 636 4857 710 4915; x_wconf 92' lang='lat' dir='ltr'><strong>sunt</strong></span> <span class='ocrx_word' id='word_1_440' title='bbox 731 4848 818 4932; x_wconf 88' lang='lat' dir='ltr'><strong>apud</strong></span> <span class='ocrx_word' id='word_1_441' title='bbox 840 4848 1020 4914; x_wconf 82' lang='lat' dir='ltr'><strong>Clintonum</strong></span> <span class='ocrx_word' id='word_1_442' title='bbox 1043 4847 1076 4911; x_wconf 92' lang='lat' dir='ltr'><strong>in</strong></span> <span class='ocrx_word' id='word_1_443' title='bbox 1100 4847 1192 4913; x_wconf 90' lang='lat' dir='ltr'><strong>fastis</strong></span> <span class='ocrx_word' id='word_1_444' title='bbox 1215 4847 1257 4911; x_wconf 90' lang='lat' dir='ltr'><strong>ad</strong></span> <span class='ocrx_word' id='word_1_445' title='bbox 1280 4868 1310 4912; x_wconf 90' lang='lat' dir='ltr'><strong>a.</strong></span> <span class='ocrx_word' id='word_1_446' title='bbox 1329 4851 1400 4927; x_wconf 77' lang='grc'>542)</span> <span class='ocrx_word' id='word_1_447' title='bbox 1428 4846 1601 4912; x_wconf 90' lang='lat' dir='ltr'><strong>ostendunt</strong></span> <span class='ocrx_word' id='word_1_448' title='bbox 1623 4866 1694 4911; x_wconf 91' lang='lat' dir='ltr'><strong>eam</strong></span> <span class='ocrx_word' id='word_1_449' title='bbox 1717 4867 1748 4911; x_wconf 88' lang='lat' dir='ltr'><strong>a.</strong></span> <span class='ocrx_word' id='word_1_450' title='bbox 1767 4851 1824 4909; x_wconf 82' lang='grc'><strong>511</strong></span> <span class='ocrx_word' id='word_1_451' title='bbox 1853 4846 1886 4910; x_wconf 91' lang='grc'><strong>15</strong></span> 
     </span>
     <span class='ocr_line' id='line_1_39' title="bbox 260 4965 1887 5060; baseline -0.007 -20"><span class='ocrx_word' id='word_1_452' title='bbox 260 4977 409 5060; x_wconf 85' lang='lat' dir='ltr'><strong>Aegypto</strong></span> <span class='ocrx_word' id='word_1_453' title='bbox 438 4978 581 5038; x_wconf 85' lang='lat' dir='ltr'><strong>exortam</strong></span> <span class='ocrx_word' id='word_1_454' title='bbox 616 4990 725 5035; x_wconf 91' lang='lat' dir='ltr'><strong>mense</strong></span> <span class='ocrx_word' id='word_1_455' title='bbox 756 4968 882 5034; x_wconf 86' lang='lat' dir='ltr'><strong>Octobri</strong></span> <span class='ocrx_word' id='word_1_456' title='bbox 912 4990 942 5032; x_wconf 93' lang='lat' dir='ltr'><strong>a.</strong></span> <span class='ocrx_word' id='word_1_457' title='bbox 977 4972 1039 5031; x_wconf 76' lang='lat'><strong>542</strong></span> <span class='ocrx_word' id='word_1_458' title='bbox 1070 4967 1259 5051; x_wconf 82' lang='lat' dir='ltr'><strong>Byzantium</strong></span> <span class='ocrx_word' id='word_1_459' title='bbox 1290 4966 1475 5051; x_wconf 85' lang='lat' dir='ltr'><strong>pervenisse</strong></span> <span class='ocrx_word' id='word_1_460' title='bbox 1506 4965 1614 5048; x_wconf 91' lang='lat' dir='ltr'><strong>ibique</strong></span> <span class='ocrx_word' id='word_1_461' title='bbox 1648 4987 1706 5052; x_wconf 90' lang='lat' dir='ltr'><strong>per</strong></span> <span class='ocrx_word' id='word_1_462' title='bbox 1739 4973 1887 5048; x_wconf 88' lang='lat' dir='ltr'><strong>quattuor</strong></span> 
     </span>
     <span class='ocr_line' id='line_1_40' title="bbox 260 5086 1885 5176; baseline -0.007 -15"><span class='ocrx_word' id='word_1_463' title='bbox 260 5114 389 5161; x_wconf 92' lang='lat' dir='ltr'><strong>menses</strong></span> <span class='ocrx_word' id='word_1_464' title='bbox 411 5092 573 5176; x_wconf 86' lang='lat' dir='ltr'><strong>ingentem</strong></span> <span class='ocrx_word' id='word_1_465' title='bbox 595 5098 736 5173; x_wconf 89' lang='lat' dir='ltr'><strong>stragem</strong></span> <span class='ocrx_word' id='word_1_466' title='bbox 759 5089 890 5171; x_wconf 90' lang='lat' dir='ltr'><strong>fecisse,</strong></span> <span class='ocrx_word' id='word_1_467' title='bbox 924 5109 998 5152; x_wconf 90' lang='lat' dir='ltr'><strong>mox</strong></span> <span class='ocrx_word' id='word_1_468' title='bbox 1020 5110 1051 5152; x_wconf 86' lang='lat' dir='ltr'><strong>a.</strong></span> <span class='ocrx_word' id='word_1_469' title='bbox 1078 5091 1157 5169; x_wconf 85' lang='grc'><strong>513,</strong></span> <span class='ocrx_word' id='word_1_470' title='bbox 1191 5094 1225 5152; x_wconf 89' lang='lat' dir='ltr'><strong>ut</strong></span> <span class='ocrx_word' id='word_1_471' title='bbox 1246 5087 1293 5152; x_wconf 88' lang='lat' dir='ltr'><strong>ait</strong></span> <span class='ocrx_word' id='word_1_472' title='bbox 1314 5087 1493 5151; x_wconf 89' lang='lat' dir='ltr'><strong>Marcellini</strong></span> <span class='ocrx_word' id='word_1_473' title='bbox 1520 5086 1737 5170; x_wconf 81' lang='lat' dir='ltr'><strong>continuamr,</strong></span> <span class='ocrx_word' id='word_1_474' title='bbox 1771 5086 1885 5151; x_wconf 86' lang='lat' dir='ltr'><strong>ltaliae</strong></span> 
     </span>
    </p>
   </div>
   <div class='ocr_carea' id='block_1_3' title="bbox 350 5352 1885 5501">
    <p class='ocr_par' dir='ltr' id='par_1_3' title="bbox 350 5352 1885 5501">
     <span class='ocr_line' id='line_1_41' title="bbox 411 5352 694 5402; baseline 0 -1"><span class='ocrx_word' id='word_1_475' title='bbox 411 5355 434 5401; x_wconf 85' lang='lat' dir='ltr'>V</span> <span class='ocrx_word' id='word_1_476' title='bbox 495 5355 502 5401; x_wconf 92' lang='grc'><strong>1</strong></span> <span class='ocrx_word' id='word_1_477' title='bbox 545 5368 559 5400; x_wconf 79' lang='grc' dir='ltr'>ι</span> <span class='ocrx_word' id='word_1_478' title='bbox 595 5352 694 5402; x_wconf 81' lang='grc' dir='ltr'><strong>.Χ111.</strong></span> 
     </span>
     <span class='ocr_line' id='line_1_42' title="bbox 350 5355 1885 5501; baseline -0.008 -10"><span class='ocrx_word' id='word_1_479' title='bbox 350 5355 389 5497; x_wconf 53' lang='grc'><strong>111</strong></span> <span class='ocrx_word' id='word_1_480' title='bbox 411 5355 477 5489; x_wconf 45' lang='grc' dir='ltr'><strong>(11111ὲ</strong></span> <span class='ocrx_word' id='word_1_481' title='bbox 489 5355 610 5501; x_wconf 60' lang='lat' dir='ltr'><strong>3¹3¹,stliph</strong></span> <span class='ocrx_word' id='word_1_482' title='bbox 631 5438 673 5499; x_wconf 78' lang='lat' dir='ltr'><strong>bb,</strong></span> <span class='ocrx_word' id='word_1_483' title='bbox 694 5436 759 5485; x_wconf 78' lang='lat'>315:</span> <span class='ocrx_word' id='word_1_484' title='bbox 787 5437 878 5483; x_wconf 84' lang='lat' dir='ltr'><strong>‘victor</strong></span> <span class='ocrx_word' id='word_1_485' title='bbox 895 5450 922 5482; x_wconf 84' lang='lat' dir='ltr'><strong>ac</strong></span> <span class='ocrx_word' id='word_1_486' title='bbox 940 5435 1106 5496; x_wconf 82' lang='lat' dir='ltr'><strong>triumphator</strong></span> <span class='ocrx_word' id='word_1_487' title='bbox 1125 5435 1282 5483; x_wconf 81' lang='lat' dir='ltr'><strong>lastinianus</strong></span> <span class='ocrx_word' id='word_1_488' title='bbox 1301 5437 1433 5495; x_wconf 83' lang='lat' dir='ltr'><strong>imperator</strong></span> <span class='ocrx_word' id='word_1_489' title='bbox 1451 5439 1478 5481; x_wconf 88' lang='lat' dir='ltr'><strong>et</strong></span> <span class='ocrx_word' id='word_1_490' title='bbox 1494 5433 1581 5479; x_wconf 81' lang='lat' dir='ltr'><strong>consul</strong></span> <span class='ocrx_word' id='word_1_491' title='bbox 1600 5433 1737 5480; x_wconf 79' lang='lat' dir='ltr'><strong>Belisarius</strong></span> <span class='ocrx_word' id='word_1_492' title='bbox 1758 5432 1885 5482; x_wconf 78' lang='lat' dir='ltr'><strong>Vandalici</strong></span> 
     </span>
    </p>
   </div>
   <div class='ocr_carea' id='block_1_4' title="bbox 262 5516 1883 5755">
    <p class='ocr_par' dir='ltr' id='par_1_4' title="bbox 262 5516 1883 5755">
     <span class='ocr_line' id='line_1_43' title="bbox 262 5516 1883 5587; baseline -0.007 -9"><span class='ocrx_word' id='word_1_493' title='bbox 262 5528 389 5578; x_wconf 73' lang='lat' dir='ltr'><strong>‘Africani</strong></span> <span class='ocrx_word' id='word_1_494' title='bbox 408 5525 539 5587; x_wconf 83' lang='lat' dir='ltr'><strong>Geticique</strong></span> <span class='ocrx_word' id='word_1_495' title='bbox 558 5519 700 5571; x_wconf 80' lang='lat' dir='ltr'><strong>dicentur&#39;:</strong></span> <span class='ocrx_word' id='word_1_496' title='bbox 721 5526 783 5571; x_wconf 86' lang='lat' dir='ltr'><strong>item</strong></span> <span class='ocrx_word' id='word_1_497' title='bbox 801 5524 828 5569; x_wconf 90' lang='grc'><strong>15</strong></span> <span class='ocrx_word' id='word_1_498' title='bbox 846 5523 901 5583; x_wconf 89' lang='lat' dir='ltr'><strong>ipso</strong></span> <span class='ocrx_word' id='word_1_499' title='bbox 919 5522 1001 5569; x_wconf 84' lang='lat' dir='ltr'><strong>iudice</strong></span> <span class='ocrx_word' id='word_1_500' title='bbox 1015 5520 1156 5569; x_wconf 84' lang='lat' dir='ltr'><strong>Geticorum</strong></span> <span class='ocrx_word' id='word_1_501' title='bbox 1178 5524 1211 5583; x_wconf 86' lang='lat' dir='ltr'><strong>(v.</strong></span> <span class='ocrx_word' id='word_1_502' title='bbox 1232 5535 1258 5582; x_wconf 91' lang='lat' dir='ltr'><strong>p.</strong></span> <span class='ocrx_word' id='word_1_503' title='bbox 1274 5520 1341 5579; x_wconf 78' lang='lat' dir='ltr'>XV).</span> <span class='ocrx_word' id='word_1_504' title='bbox 1377 5519 1409 5565; x_wconf 87' lang='lat' dir='ltr'><strong>cf.</strong></span> <span class='ocrx_word' id='word_1_505' title='bbox 1430 5519 1488 5568; x_wconf 87' lang='lat' dir='ltr'><strong>Get.</strong></span> <span class='ocrx_word' id='word_1_506' title='bbox 1509 5519 1551 5575; x_wconf 78' lang='lat'><strong>33,</strong></span> <span class='ocrx_word' id='word_1_507' title='bbox 1569 5516 1626 5567; x_wconf 81' lang='grc'><strong>111,</strong></span> <span class='ocrx_word' id='word_1_508' title='bbox 1659 5519 1728 5566; x_wconf 85' lang='lat' dir='ltr'><strong>Rom.</strong></span> <span class='ocrx_word' id='word_1_509' title='bbox 1750 5518 1809 5567; x_wconf 80' lang='lat'>368.</span> <span class='ocrx_word' id='word_1_510' title='bbox 1825 5519 1883 5567; x_wconf 77' lang='grc'>375.</span> 
     </span>
     <span class='ocr_line' id='line_1_44' title="bbox 350 5607 835 5677; baseline -0.012 -14"><span class='ocrx_word' id='word_1_511' title='bbox 350 5612 391 5677; x_wconf 79' lang='lat' dir='ltr'><strong>ts)</strong></span> <span class='ocrx_word' id='word_1_512' title='bbox 411 5612 544 5674; x_wconf 83' lang='lat' dir='ltr'><strong>Procopius</strong></span> <span class='ocrx_word' id='word_1_513' title='bbox 562 5608 622 5658; x_wconf 87' lang='lat' dir='ltr'><strong>hell.</strong></span> <span class='ocrx_word' id='word_1_514' title='bbox 644 5610 724 5657; x_wconf 78' lang='lat' dir='ltr'><strong>Vsnd.</strong></span> <span class='ocrx_word' id='word_1_515' title='bbox 748 5608 771 5672; x_wconf 89' lang='lat' dir='ltr'><strong>i,</strong></span> <span class='ocrx_word' id='word_1_516' title='bbox 794 5607 835 5658; x_wconf 91' lang='grc'><strong>11.</strong></span> 
     </span>
     <span class='ocr_line' id='line_1_45' title="bbox 1077 5698 1094 5755; baseline 0 0"><span class='ocrx_word' id='word_1_517' title='bbox 1077 5698 1094 5755; x_wconf 77' lang='lat'><em>5</em></span> 
     </span>
    </p>
   </div>
   <div class='ocr_carea' id='block_1_5' title="bbox 0 0 2128 6082">
    <p class='ocr_par' dir='ltr' id='par_1_5' title="bbox 0 0 2128 6082">
     <span class='ocr_line' id='line_1_46' title="bbox 0 0 2128 6082; baseline 0 6"><span class='ocrx_word' id='word_1_518' title='bbox 0 0 2128 6082; x_wconf 95' lang='lat' dir='ltr'><strong> </strong></span> 
     </span>
    </p>
   </div>
  </div>
 </body>
</html>
