4246 6082
316 337 358 399 30
1035 330 1217 390 IORDANIS

233 526 297 587 119
400 524 542 608 Cyprum
564 523 646 589 Cato
667 523 773 589 classe
795 521 951 605 navigera
973 521 1113 587 directus
1134 520 1263 587 invasit.
1310 520 1503 605 negantibus
1525 520 1653 607 cypriis
1677 520 1800 587 habore
1824 538 1862 587 se
1885 519 2024 586 ali-saa
2039 532 2062 574 ¹³

314 625 393 709 quid
422 646 560 708 magnas
589 625 656 691 illis
686 645 764 710 opes
795 623 936 710 repperit
956 623 1305 709 proscriptionibusque
1326 624 1486 690 multavit.
1532 624 1618 709 quod
1639 645 1703 690 nou
1725 624 1836 691 ferens
1859 623 1959 689 Gno-

315 729 383 794 sius
412 750 470 794 rex
497 749 607 795 eorum
636 748 761 794 ueneno
783 727 899 793 hausto
923 735 1025 794 semet
1046 727 1161 793 occidit
1183 734 1216 793 et
1237 727 1283 793 sio
1306 728 1432 812 Cyprus
1455 729 1599 793 Romana
1621 726 1707 793 iacta
1729 726 1902 812 provincia
1913 729 1954 809 ¹).

315 832 471 915 Lybiam,
500 831 535 896 id
557 838 608 897 est
629 831 841 916 Pentapolim,
867 837 966 896 totam
989 852 1010 896 a
1032 830 1134 915 primo
1156 830 1212 895 illo
1234 831 1419 896 Ptbolomeo
1442 830 1594 896 Romanis
1616 831 1676 897 sub
1698 830 1849 897 libertate
1872 850 1957 896 oon-

285 954 442 1001 scessam
474 942 584 1000 tamem
617 933 842 1000 resistentibus
876 933 994 999 debinc
1022 933 1179 1018 Appionis
1212 933 1381 998 consilium
1410 934 1555 999 Romano
1591 934 1710 1019 populo
1747 933 1897 1000 subdidit
1910 934 1953 1017 ²).

315 1039 486 1122 Aegyptus
508 1037 611 1103 omnis
633 1038 674 1103 ab
697 1036 810 1102 amicis
833 1038 1058 1117 Romanorum,
1084 1035 1119 1101 id
1141 1043 1192 1101 est
1213 1035 1347 1118 hagidis
1370 1055 1429 1120 per
1449 1035 1653 1102 Ptholomeos
1674 1056 1837 1122 possessa.
1874 1043 1957 1123 post

314 1141 398 1226 hacc
419 1140 592 1225 Cleopatra
613 1147 645 1205 et
666 1139 824 1205 Antonius
846 1139 916 1204 iure
939 1138 1066 1224 proprio
1089 1137 1290 1203 vindicantes
1314 1145 1346 1203 et
1369 1157 1405 1203 se
1427 1144 1461 1204 et
1481 1138 1540 1204 illa
1561 1138 1722 1207 amittunt.

236 1246 300 1307 1311
403 1243 528 1309 Montes
557 1262 633 1308 vero
655 1241 827 1308 Armeniae
857 1241 994 1326 primum
1021 1261 1079 1326 per
1100 1242 1270 1307 Lucullum
1292 1241 1438 1306 Romana
1460 1260 1550 1306 arma
1571 1241 1737 1325 viderunt,
1769 1262 1954 1329 perquem
1968 1251 2023 1294 But·
2039 1255 2061 1295 ¹⁴

316 1354 351 1412 et
371 1346 406 1411 in
428 1346 592 1411 llosroine'
608 1345 830 1412 Saraciuomm
853 1344 979 1410 filarchi
1000 1343 1117 1410 demoti
1141 1344 1294 1410 Romanis
1316 1363 1352 1409 se
1375 1343 1576 1410 dedidemnt.
1620 1345 1955 1430 Mesopotamiamque

269 1470 300 1510 ιι
317 1447 406 1515 idem
435 1449 522 1533 ipse,
555 1448 722 1514 Nituebem
753 1467 878 1531 quoque
906 1448 1017 1513 urbem
1045 1447 1176 1512 invasit.
1224 1454 1299 1532 post
1328 1467 1422 1530 quem
1452 1446 1624 1532 Pompeius
1653 1447 1767 1514 wdem
1796 1448 1870 1515 loca
1899 1448 1956 1514 in-

237 1554 296 1617 tsi
318 1552 471 1635 gredierm
499 1553 643 1618 Romano
671 1550 870 1617 confirmavit
898 1550 1041 1635 imperio.
1090 1550 1215 1634 Syriam
1244 1550 1365 1616 Coelen
1392 1550 1477 1615 iusto
1507 1550 1629 1634 proelio
1651 1550 1792 1634 'ligrane
1821 1550 1955 1617 devicto

319 1653 484 1720 invaserat
493 1657 530 1737 ³).
577 1655 723 1720 Arabaes
746 1661 779 1720 et
800 1652 957 1719 Palestini
979 1653 1091 1718 eodem
1114 1652 1266 1737 Pompeio
1289 1651 1440 1718 ductante
1463 1652 1581 1718 devicti
1603 1659 1688 1719 sunt.

239 1760 302 1821 131
405 1757 578 1841 Babylonii
608 1764 716 1823 autem
745 1757 856 1822 erebro
885 1762 1104 1822 concertantes
1134 1774 1343 1840 sepenumero
1371 1755 1465 1838 victi,
1499 1776 1672 1841 numquam
1702 1763 1811 1823 tamen
1832 1755 1877 1821 ad
1898 1756 1954 1822 iri-
1968 1766 2023 1809 But·
2039 1770 2062 1810 ¹⁵

318 1867 444 1943 tegmm
474 1859 586 1925 domiti
608 1867 691 1926 sunt.
740 1879 821 1942 quos
843 1867 950 1926 tamen
972 1858 1110 1944 primum
1132 1856 1252 1924 Lucius
1274 1858 1367 1943 Sylla
1388 1859 1558 1942 proconsul
1581 1859 1641 1924 sub
1663 1860 1816 1925 Arsacem
1839 1879 1955 1925 eorum

271 1984 301 2024 ss
321 1984 430 2047 regem
459 1962 580 2029 devicit
608 1963 649 2027 ab
679 1981 781 2045 eoque
811 1969 942 2045 rogatus
971 1980 1030 2046 per
1059 1961 1183 2044 legatos
1212 1981 1325 2045 pacem
1352 1961 1519 2026 concessit.
1567 1961 1709 2028 secundo
1731 1961 1807 2027 dum
1829 1962 1956 2029 Lucius

320 2067 475 2132 Lucullus
491 2065 653 2132 aPontioo
668 2086 767 2149 regno
779 2064 953 2149 Tigranem
966 2064 1140 2130 Armeniae
1157 2083 1266 2147 regem
1282 2084 1355 2128 cum
1370 2063 1482 2129 decem
1498 2071 1531 2129 et
1541 2069 1612 2130 octo
1623 2064 1753 2130 milibus
1766 2072 1957 2151 superatum
2032 2068 2041 2081 '

321 2169 514 2254 expelleret,
548 2188 738 2251 omnemque
761 2168 944 2233 Amueniam
973 2167 1121 2232 invasam
1150 2166 1193 2231 ad
1214 2167 1479 2251 Mesopotamiam
1503 2168 1605 2249 venit,
1637 2167 1684 2233 ibi
1705 2167 1858 2234 Nitaiben
1879 2188 1957 2235 cum

321 2272 420 2337 tratre
443 2270 529 2355 regis
552 2271 740 2338 Parthorum
764 2271 866 2356 cepit,
899 2291 1005 2353 aequa
1027 2276 1112 2335 sorte
1134 2268 1302 2334 Persidem
1324 2269 1458 2355 cupiens
1480 2268 1667 2348 devastare,
1693 2269 1755 2335 nisi
1777 2271 1957 2356 Pompeius

241 2377 343 2438 233a
371 2380 484 2440 senatu
515 2373 656 2440 directus
685 2374 715 2439 ei
745 2372 931 2439 advenisset
959 2391 1134 2438 successor.
1181 2371 1235 2436 bic
1256 2371 1373 2438 etenim
1400 2372 1573 2456 Pompeius
1594 2371 1669 2439 ilico
1692 2372 1843 2456 veniens,
1878 2394 1956 2440 mcx
1970 2383 2024 2426 ⁸ss-
2041 2386 2065 2426 ¹⁶

273 2495 303 2538 uo
323 2486 474 2543 nocturno
504 2477 626 2561 proelio
653 2476 687 2540 in
715 2475 837 2542 minore
860 2475 1012 2541 Armenia
1034 2494 1132 2559 super
1153 2473 1349 2539 Mitridatem
1371 2473 1517 2555 inruens,
1550 2493 1624 2541 xn11
1645 2474 1737 2541 milia
1758 2481 1955 2542 armatorum

323 2578 395 2645 eius
424 2584 630 2663 prosternens
660 2584 829 2660 castraque
859 2576 1025 2643 succendit
1033 2580 1070 2658 ⁴).
1120 2576 1204 2642 unde
1226 2576 1399 2642 Mitridatis
1429 2597 1500 2641 oum
1529 2597 1628 2644 uxore
1651 2585 1683 2643 et
1705 2576 1829 2645 duobus
1852 2580 1957 2645 satel-

321 2681 433 2748 litibus
463 2681 591 2765 lugiens
620 2681 753 2747 Bosforo
781 2679 870 2746 venit
896 2679 1059 2762 nimiaque
1089 2678 1311 2764 desperatione
1341 2679 1490 2745 detentus
1520 2699 1678 2745 venenum
1708 2680 1841 2766 aceepit.
1893 2680 1956 2747 sed

322 2784 398 2850 dum
421 2804 481 2851 uec
504 2784 550 2850 sic
572 2804 657 2850 mors
680 2784 710 2850 ei
732 2784 912 2864 accederet,
938 2783 1074 2848 alterum
1098 2802 1116 2847 e
1139 2781 1266 2847 duobus
1289 2781 1463 2847 satellitem
1486 2782 1626 2865 rogavit,
1652 2788 1689 2848 ut
1710 2801 1745 2848 se
1767 2783 1952 2867 perimeret.

242 2892 304 2953 ast
323 2887 495 2972 Pompeius
517 2894 625 2952 autem
648 2887 778 2952 maioris
801 2885 973 2951 Armeniae
996 2904 1105 2968 regem
1128 2883 1204 2949 dum
1227 2891 1488 2968 persequeretur,
1522 2905 1579 2951 cur
1599 2884 1734 2970 'tigrani
1755 2891 1867 2952 contra
1888 2886 1955 2951 Ro

273 3010 304 3053 us
323 3008 434 3054 manos
462 2989 619 3055 auxilium
648 2988 882 3056 commodasset
891 2992 929 3073 ³),
961 2987 1017 3052 ille
1039 2987 1073 3052 in
1095 2988 1251 3052 Artaxata
1273 2988 1350 3053 urbe
1373 3007 1471 3070 regno
1493 2987 1639 3071 deposito
1661 2989 1744 3054 ultro
1769 2987 1955 3054 diademsm

324 3110 416 3156 suam
439 3092 590 3176 Pompeio
612 3088 744 3176 optulit;
779 3090 838 3156 sed
860 3089 1032 3175 Pompeius
1054 3088 1175 3174 pietate
1201 3087 1315 3154 ductus
1337 3090 1420 3154 ultro
1442 3089 1594 3155 maiorem
1617 3090 1800 3156 Armeniam
1823 3090 1854 3156 ei
1876 3109 1957 3156 eon-

325 3194 425 3259 cessit
445 3213 599 3276 regnare,
625 3194 776 3260 auferens
799 3194 840 3258 ab
864 3214 902 3259 eo
924 3192 1188 3275 Mesopotamiam
1212 3197 1245 3256 et
1267 3191 1395 3276 Syriam
1418 3198 1605 3277 partemque
1626 3192 1774 3259 Poenicis
1797 3213 1869 3259 cum
1892 3194 1956 3259 Ar-

326 3296 480 3379 menial).
526 3316 601 3360 nam
628 3296 826 3362 Bosforianis
853 3295 1047 3377 Colchisque
1069 3294 1289 3359 Aristbaroum
1317 3315 1426 3379 regem
1449 3296 1621 3380 Pompeius
1646 3295 1832 3381 praeposuit
1852 3296 1958 3362 Alba-

326 3416 448 3481 nosque
462 3397 637 3480 insequens
648 3397 790 3464 Orodem
813 3417 922 3481 regem
944 3417 1053 3463 eorum
1075 3397 1169 3462 tertio
1191 3397 1366 3482 superavit.
1405 3397 1448 3462 ad
1469 3404 1664 3483 postremum
1687 3406 1819 3482 rogatus
1840 3418 1955 3484 paoem

413 3744 441 3790 Η
454 3741 476 3789 Ρ
490 3741 552 3792 VL.
573 3769 607 3778 -
626 3742 694 3792 Mser.
711 3757 739 3804 p.
754 3742 819 3791 2³4⁰
836 3741 890 3791 ei
910 3745 1038 3792 amittunt.

415 3892 565 3964 ugnostus]
583 3897 692 3960 Cyprius
711 3896 796 3957 Rufus
911 3896 926 3945 3
945 3893 1021 3963 isch]
1041 3898 1059 3945 i.
1080 3896 1159 3945 esth
1273 3897 1288 3947 4
1307 3899 1485 3961 pemptapolim
1504 3898 1554 3946 ΗΡ
1655 3895 1808 3965 ptholomeo]
1827 3898 1855 3962 P,
1876 3889 1959 3949 tholo·

330 3983 429 4044 meoH,
450 3985 572 4045 ptolomeo
589 3983 629 4032 vt
728 3982 878 4032 concesssb
983 3983 997 4031 5
1016 3978 1144 4048 appionis]
1156 3982 1212 4031 iibri
1223 3988 1245 4030 et
1258 3983 1325 4033 iord.
1341 3990 1363 4032 et
1376 3984 1435 4047 Ruti
1533 3984 1675 4033 consilloL
1780 3985 1923 4035 blaidisb

330 4066 494 4135 ptholomeus]
512 4070 546 4128 11,
573 4070 724 4132 phtolomeus
745 4068 774 4128 P,
796 4071 931 4132 ptolomeus
953 4068 994 4116 vt
1132 4066 1232 4135 liure]
1251 4069 1307 4117 iibri
1439 4072 1507 4119 illam
1527 4071 1549 4118 L
1687 4066 1848 4137 9hosrolne]
1866 4070 1924 4120 libri

331 4151 510 4220 saracinorum]
529 4154 608 4212 HPL,
628 4168 813 4203 sarracenorum
836 4155 856 4201 V
957 4150 1064 4219 diarchi]
1082 4153 1176 4214 Rufus,
1196 4156 1273 4203 tilorci
1291 4155 1349 4203 libri
1453 4158 1678 4219 mesopotamisque
1701 4158 1722 4206 V
1825 4154 1856 4203 to
1875 4158 1959 4204 uitae·

331 4236 399 4306 bem]
418 4239 497 4296 HPV,
519 4241 631 4288 nlaebem
651 4240 673 4288 L
804 4238 835 4288 13
853 4240 987 4298 babylloull
1007 4238 1062 4300 ΗΡ,
1083 4240 1202 4289 babilonii
1224 4240 1265 4289 VL
1402 4240 1432 4289 it
1451 4242 1531 4300 lycius
1549 4242 1611 4301 sylla
1628 4241 1707 4302 HPV,
1727 4243 1802 4293 licius
1819 4242 1882 4301 sylla
1901 4243 1924 4291 1.

331 4339 438 4372 arsaoem
458 4339 481 4372 e.
501 4321 596 4391 regem]
614 4324 693 4384 HPV,
714 4339 813 4374 ausscen
833 4339 856 4373 e.
876 4338 932 4383 rege
952 4324 973 4371 1.
1084 4325 1114 4375 15
1133 4340 1178 4388 per
1195 4326 1244 4386 leg.
1264 4338 1315 4386 rog.
1341 4327 1361 4372 V
1471 4327 1581 4375 lucullus
1599 4327 1681 4375 lucius
1701 4327 1723 4374 L
1829 4327 1860 4377 16
1877 4329 1958 4388 tigra-

331 4425 377 4459 uae
395 4413 547 4458 marmeutae
566 4412 591 4457 H
693 4425 775 4470 regem
794 4423 842 4459 cm.
863 4409 912 4456 ΗΡ
1025 4409 1054 4458 11
1074 4411 1105 4459 ad
1122 4425 1171 4459 om.
1192 4411 1213 4458 1.
1318 4407 1444 4477 nltaiben]
1462 4412 1541 4472 HPV,
1562 4415 1676 4461 nuaeben
1695 4411 1718 4460 1.
1822 4411 1853 4462 21
1873 4414 1959 4462 mitri·

330 4491 409 4563 datls]
432 4495 482 4543 ΗΡ
619 4494 651 4545 11
675 4498 800 4545 bosiorum
819 4495 841 4542 L
979 4494 1011 4545 13
1037 4497 1097 4543 dum
1115 4492 1172 4563 neo]
1197 4497 1302 4545 necdum
1323 4498 1343 4545 1.
1483 4499 1506 4545 ei
1530 4512 1595 4546 mors
1619 4497 1640 4544 L
1778 4499 1917 4548 satellitum
1936 4497 1960 4547 L

331 4582 365 4632 25
384 4579 574 4649 commodasset]
593 4581 668 4641 PVL,
688 4582 886 4630 commendasset
905 4581 930 4627 ii
1031 4582 1168 4631 diademam
1187 4579 1271 4648 suam]
1288 4582 1382 4630 ΗΜ
1498 4582 1531 4632 16
1549 4584 1615 4632 ultra
1633 4583 1689 4633 iibri
1792 4583 1824 4633 11
1841 4582 1959 4651 scenicis]

332 4667 411 4729 HPV,
432 4669 563 4717 lenistri.
668 4669 794 4716 armoenia
812 4668 862 4715 HV
966 4666 999 4717 18
1017 4664 1192 4735 aristharcum]
1209 4669 1266 4730 HV,
1288 4670 1433 4718 aristarcum
1453 4668 1482 4730 t,
1503 4669 1652 4719 erithsroum
1671 4669 1694 4718 Ρ

421 4926 443 4988 11
466 4926 596 4990 (Cyprum)
617 4940 659 4974 rex
679 4926 819 4975 foederatus
838 4928 952 4987 regebat,
978 4928 1020 4975 sed
1046 4931 1116 4975 tauta
1140 4928 1189 4975 tuit
1212 4928 1318 4988 penuria
1341 4926 1427 4974 aerarii
1447 4927 1552 4975 Romani
1571 4933 1597 4975 et
1619 4933 1669 4974 tam
1693 4929 1783 4986 iugens
1800 4940 1874 4989 opum
1893 4927 1962 4975 tama

333 5014 497 5076 Cypriamm,
526 5020 555 5060 ut
573 5013 628 5072 lege
646 5013 704 5060 data
722 5011 818 5073 Cyprus
837 5014 963 5061 confiscari
981 5014 1124 5062 iuberetur:
1150 5026 1199 5075 quo
1217 5018 1318 5075 accepto
1337 5026 1380 5060 rex
1400 5011 1508 5073 Cyprius
1527 5014 1616 5061 nuntio
1633 5026 1759 5061 venenum
1775 5014 1885 5075 sumpsit
1904 5049 1911 5062 .
1928 5050 1934 5063 .
1952 5049 1959 5063 .

333 5099 393 5147 (lato
411 5099 515 5159 Cyprias
533 5111 593 5160 opes
612 5099 713 5146 Romam
733 5100 838 5146 navibus
855 5099 958 5146 advexit
975 5097 1068 5158 Rufus.
1617 5084 1620 5089 ¹

419 5184 444 5247 11
466 5184 576 5243 Gyreuss
602 5199 657 5232 eum
677 5185 765 5232 ueteris
783 5185 928 5232 ciuitatibus
947 5184 1040 5244 Libyae
1060 5185 1201 5246 Pentapolis
1219 5185 1357 5233 Ptolemaei
1376 5186 1526 5247 antiquiods
1544 5185 1691 5236 liberalitate
1710 5186 1876 5248 suscepimus.
1914 5185 1962 5233 Lt-

334 5272 405 5330 byam
425 5283 542 5332 supremo
561 5271 686 5334 Appionis
705 5271 770 5330 regis
788 5271 888 5318 arbitrio
907 5284 994 5317 sumus
1013 5270 1124 5319 adsecuti
1144 5270 1235 5332 Rufus.

421 5357 446 5418 ³)
467 5356 553 5416 Syriae
572 5356 710 5406 Phoenicas
732 5355 796 5415 (iibri
813 5357 899 5405 ioenix
917 5357 956 5405 uel
975 5356 1093 5416 uranicae)
1114 5355 1178 5404 bello
1195 5371 1209 5403 a
1227 5357 1334 5417 Tigrane
1352 5358 1526 5405 Armeniorum
1546 5371 1604 5417 rege
1622 5362 1736 5419 receptae
1754 5362 1814 5405 sunt
1831 5355 1924 5418 actua

420 5443 444 5501 t)
465 5448 545 5491 castra
563 5444 620 5490 elus
638 5443 733 5490 isrvasit
752 5440 844 5501 Rufus.

422 5529 446 5590 5)
468 5529 600 5590 Pompeius
619 5530 793 5576 auxiliatorem
812 5527 967 5576 Mithridatis
984 5527 1116 5588 Tigranem
1134 5528 1310 5576 Armeniorum
1328 5542 1410 5589 regem
1429 5533 1579 5590 persecutus
1596 5532 1636 5575 est
1655 5527 1747 5588 Rusca.

420 5614 444 5676 6]
466 5629 522 5663 cum
540 5615 660 5662 Armenia
677 5629 727 5664 om.
747 5611 841 5675 Bulba.
