4246 6082
322 308 426 373 mv
1020 308 1249 365 raconurvu.

324 533 436 599 Getico
458 553 528 598 cum
551 532 734 598 universum
764 532 885 598 bellum
908 532 1048 617 explicet
1068 532 1111 598 ad
1132 533 1352 615 Ammianum,
1381 533 1416 597 in
1439 532 1639 617 imperatoris
1660 539 1761 598 morte
1783 529 1949 596 namanda

323 653 488 737 utriusque
510 652 649 718 auctoris
670 652 770 718 verba
792 651 1028 734 contaminavit,
1054 660 1090 719 ut
1111 652 1243 719 dubium
1265 672 1338 719 esse
1360 659 1499 735 nequeat
1519 653 1607 738 apud
1630 650 1870 720 Cassiodorium
1892 669 1948 714 re-

322 780 434 860 pertae
456 773 631 839 narrationi
645 772 836 838 Ammianae
857 772 962 858 ipsum
983 771 1118 838 alteram
1140 772 1313 840 inseruisse
1336 793 1376 839 ex
1391 773 1543 838 Romanis
1565 774 1633 838 suis
1646 772 1847 839 translatam.
1886 790 1949 835 ne-

323 914 385 979 que
407 893 492 960 enim
515 893 683 977 quisquam
705 893 816 978 opinor
837 892 1009 959 contendet
1022 893 1270 977 Cassiodorium,
1297 901 1331 960 ut
1352 894 1436 959 hunc
1458 895 1573 977 locum,
1599 893 1655 976 qui
1670 894 1758 959 solus
1772 892 1806 957 in
1822 891 1948 958 Geticis

323 1014 526 1081 Victorianus
547 1021 607 1095 est,
633 1033 673 1079 en
695 1013 774 1079 exili
795 1012 854 1078 illa
876 1012 1014 1098 epitome
1036 1012 1235 1097 adsumeret,
1260 1013 1464 1079 Ammianum
1486 1014 1680 1100 seposuisse.
1727 1013 1785 1079 sed
1807 1011 1947 1078 fortasse

323 1134 458 1201 ulterius
490 1132 639 1219 progredi
671 1153 841 1218 possumus
881 1141 913 1200 et
944 1132 1075 1199 Iordani
1107 1133 1293 1200 adiudicare
1326 1144 1545 1217 quaecumque
1578 1134 1712 1200 veniunt
1744 1154 1785 1200 ex
1818 1132 1945 1199 Orosio.

324 1253 529 1322 Cassiodorio
557 1254 642 1319 hunc
663 1261 823 1321 auctorem
846 1253 942 1321 valde
963 1253 1141 1339 placuisse,
1174 1261 1258 1320 certe
1280 1262 1353 1321 ante
1375 1255 1612 1322 conversionem
1635 1254 1722 1337 cius,
1755 1253 1810 1319 vix
1836 1252 1950 1319 credet

325 1376 380 1460 qui
400 1382 568 1457 utrumque
590 1373 694 1440 novit:
720 1374 903 1458 quidquod
925 1375 978 1441 vel
999 1382 1073 1460 post
1094 1375 1331 1443 conversionem
1354 1375 1450 1442 etad
1478 1376 1650 1443 monachos
1679 1375 1822 1441 scribens
1856 1372 1946 1458 [inst.

325 1495 392 1562 div.
416 1496 479 1561 litt.
500 1496 548 1579 17)
576 1495 622 1561 sic
646 1494 687 1560 de
708 1514 746 1560 co
769 1495 923 1578 loquitur:
954 1495 1102 1562 ‘Orosius
1116 1516 1240 1578 quoque
1256 1496 1506 1563 Christianorum
1528 1503 1707 1582 temporum
1729 1513 1948 1580 paganorum-

329 1619 409 1700 ‘quc
431 1617 563 1682 collator
583 1622 713 1700 praesto
734 1615 827 1681 vobis
850 1623 917 1698 est,
949 1616 978 1681 si
999 1636 1072 1682 eum
1094 1616 1258 1683 volueritis
1280 1618 1415 1701 legere',
1448 1618 1526 1683 satis
1548 1616 1665 1700 frigide
1687 1622 1777 1701 puto.
1822 1622 1857 1681 at
1877 1614 1949 1679 Ior-

325 1736 402 1803 dani
423 1736 555 1803 Orosius
576 1735 748 1802 admodum
770 1736 892 1821 placuit
920 1736 1037 1821 ‹lignus
1065 1735 1123 1802 illc
1152 1736 1306 1821 magister
1333 1738 1392 1804 tali
1421 1737 1597 1823 discipulo:
1630 1757 1735 1820 neque
1764 1734 1849 1802 enim
1876 1732 1948 1800 sinc

324 1875 440 1937 causa,
472 1864 507 1923 ut
528 1857 741 1922 Romanorum
769 1855 961 1943 principium
991 1856 1161 1942 splendido
1189 1856 1317 1923 nomine
1342 1858 1510 1923 lamblichi
1539 1857 1726 1939 euomuit,
1757 1856 1803 1922 ita
1831 1852 1949 1920 Getica

325 1976 474 2044 similiter
501 1976 535 2042 in
565 1976 669 2042 Orosii
698 1978 799 2043 tutela
829 1977 1006 2043 collocavit.
1053 1996 1158 2059 nequo
1186 1977 1221 2042 id
1249 1978 1291 2043 ab
1320 1999 1359 2043 eo
1388 1978 1567 2045 abiudicari
1594 1978 1727 2065 poterit,
1760 1996 1830 2042 cum
1860 1973 1949 2057 quod

325 2097 399 2164 libri
424 2097 550 2163 initium
580 2096 699 2164 diserte
721 2097 784 2164 sibi
804 2097 948 2163 vindicat
967 2104 1035 2164 tum
1057 2097 1143 2180 quod
1166 2097 1249 2164 duae
1270 2098 1349 2164 illae
1370 2098 1573 2165 laudationes
1595 2097 1764 2165 lamblichi
1785 2104 1818 2163 et
1839 2094 1949 2162 Orosii

324 2218 395 2305 pari
416 2237 515 2304 passu
537 2218 746 2304 procedentes
769 2218 896 2285 omnino
918 2219 959 2284 ab
982 2218 1096 2284 eadem
1119 2238 1215 2283 manu
1237 2218 1380 2285 veniunt.
1426 2219 1492 2284 iam
1522 2239 1593 2285 cum
1623 2240 1663 2286 en
1690 2217 1873 2284 auctoribus
1902 2214 1948 2280 ad

324 2341 470 2405 Romana
490 2337 644 2404 adhibitis
665 2358 749 2405 unus
764 2339 895 2405 Orosius
918 2338 1015 2404 etiam
1038 2338 1072 2404 in
1088 2337 1210 2405 Geticis
1232 2338 1362 2423 saepius
1384 2340 1545 2425 expilatus
1567 2340 1669 2424 sit⁸³),
1695 2339 1749 2422 qui
1771 2339 1848 2404 item
1864 2355 1950 2402 unus

325 2459 441 2527 citatur
461 2459 587 2525 adiecto
613 2459 815 2525 ‘voluminis‘
838 2479 969 2525 numero
996 2459 1047 2544 (O.
1073 2464 1103 2542 5,
1130 2460 1202 2541 43),
1228 2458 1370 2525 nascitur
1392 2460 1547 2545 suspicio,
1581 2480 1687 2525 annon
1709 2458 1865 2525 Orosiana
1887 2456 1949 2522 illa

325 2580 432 2647 omnia
453 2579 496 2645 ad
517 2580 685 2645 Iordanem
708 2579 888 2665 pertincant
910 2579 1036 2663 sintque
1058 2579 1130 2664 ipsa
1150 2579 1211 2645 illa
1239 2599 1321 2663 quse
1351 2600 1410 2646 sua
1439 2580 1577 2647 dictione
1606 2580 1640 2645 in
1669 2579 1775 2646 medio
1803 2578 1950 2662 interpo-

325 2702 430 2768 suisse
452 2720 488 2767 ss
510 2699 684 2766 contendit.
731 2699 806 2766 huic
827 2699 1027 2767 coniecturae
1049 2706 1172 2767 tantum
1195 2703 1289 2768 abest
1309 2708 1344 2767 ut
1365 2701 1534 2785 quicquam
1557 2702 1672 2783 obstet,
1697 2707 1733 2767 ut
1755 2697 1948 2785 saepissime

324 2822 455 2889 Orosius
477 2821 695 2888 introducatur
716 2827 878 2905 tamquam
901 2820 1020 2887 lacinia
1042 2823 1124 2888 vesti
1146 2822 1310 2908 perlectae
1332 2822 1417 2888 male
1438 2821 1556 2888 insuta.

409 2943 447 3007 In
470 2962 651 3008 summare
674 2941 856 3008 Geticorum
878 2941 1025 3024 libellus,
1059 2949 1216 3026 quatenus
1245 2943 1278 3009 in
1305 2963 1342 3009 eo
1365 2948 1540 3009 tractantur
1562 2962 1613 3009 res
1635 2949 1734 3008 morte
1756 2940 1950 3006 Theoderici

323 3062 517 3145 anteriores,
548 3082 638 3129 mera
665 3062 803 3147 epitome
825 3070 891 3146 est,
924 3064 1036 3128 luxata
1057 3083 1097 3130 ea
1119 3069 1152 3129 et
1173 3082 1340 3149 perversa,
1373 3063 1523 3129 historiae
1546 3062 1701 3128 Gothicae
1724 3059 1949 3129 Oassiodoria-

324 3204 402 3267 nae,
428 3203 488 3249 nec
510 3183 579 3248 siue
601 3183 688 3249 iusta
710 3202 825 3266 causa,
852 3183 938 3266 quod
961 3183 1002 3250 de
1024 3184 1095 3269 ipsa
1116 3184 1263 3250 anecdoti
1285 3182 1540 3250 Caroliruhcnsis
1563 3183 1696 3267 scriptor
1716 3181 1824 3263 refert,
1850 3181 1949 3246 etiam
2078 3238 2083 3245 .

324 3304 357 3368 in
380 3303 527 3369 Iordanis
557 3303 718 3388 epitomen
745 3303 898 3386 quadrat,
930 3303 1085 3387 originem
1113 3303 1218 3387 gentis
1249 3311 1281 3370 ct
1307 3305 1379 3370 loca
1398 3324 1568 3387 moresque
1590 3303 1659 3369 eius
1681 3303 1727 3369 ihi
1748 3301 1946 3368 adumbrari.

324 3422 500 3490 foederatio
529 3422 818 3490 mercennariorum
847 3434 879 3488 et
907 3424 1141 3508 provinciarum
1169 3424 1433 3491 Danuviauarum
1465 3444 1517 3491 res
1549 3424 1781 3490 interveniente
1810 3422 1950 3488 Iordane

324 3545 429 3609 locum
452 3553 660 3629 usurparunt,
693 3564 786 3628 quem
815 3544 903 3629 apud
925 3544 1161 3612 Cassiodorium
1184 3545 1320 3612 obtinuit
1341 3566 1473 3630 regnum
1496 3547 1673 3611 Romanum
1703 3544 1823 3628 pariter
1849 3548 1949 3625 atque

325 3663 492 3730 Gothicum
515 3665 625 3749 magni
640 3665 832 3732 Theoderici
854 3666 988 3748 eiusque
1002 3667 1166 3732 Romanae
1188 3666 1397 3733 humanitatis
1418 3666 1587 3732 admiratio
1610 3673 1642 3731 et
1662 3664 1812 3730 imitatio:
1838 3663 1884 3728 ita
1905 3683 1949 3728 ex

325 3786 434 3851 multis
456 3806 560 3872 pauca
582 3787 697 3871 selegit
726 3807 828 3869 eaque
856 3806 939 3869 quac
969 3787 1098 3854 retinuit
1126 3788 1262 3853 barbare
1291 3787 1415 3853 inflavit
1444 3795 1477 3853 et
1504 3787 1605 3852 auxit.
1653 3785 1791 3868 denique
1820 3791 1856 3850 ut
1882 3804 1949 3850 uno

325 3907 422 3972 verbo
445 3906 567 3991 dicam,
593 3908 726 3974 historia
748 3908 885 3975 Gothico
905 3929 926 3973 a
948 3908 1163 3992 Cassiodorio,
1189 3915 1224 3973 ut
1245 3908 1315 3994 ipse
1336 3908 1399 3991 ait,
1424 3910 1569 3973 Romana
1590 3907 1676 3973 facta
1697 3927 1755 3992 per
1775 3902 1947 3971 Iordanem

325 4027 410 4095 sacta
432 4035 482 4095 est
503 4028 676 4096 Moesiaca.

982 4259 1288 4267 m

153 4489 311 4586 ifssffifflffi
410 4495 563 4561 Iordanes
589 4516 662 4561 cum
692 4502 727 4561 ut
753 4496 882 4561 iniimus
908 4505 1072 4562 auctorum
1101 4496 1331 4579 Romanorum,
1362 4498 1408 4563 ita
1437 4517 1478 4562 ex
1507 4497 1627 4561 ultimis
1657 4497 1700 4561 sit
1727 4516 1836 4563 corum
1866 4514 1948 4578 quos

324 4616 476 4698 antiquae
498 4617 595 4682 aetati
619 4615 802 4682 adscribere
824 4617 976 4698 solemus,
1002 4616 1102 4681 alium
1124 4617 1311 4702 scriptorem
1334 4617 1389 4700 qui
1407 4617 1520 4683 cadem
1536 4623 1642 4684 aetate
1658 4616 1786 4683 libellos
1801 4615 1871 4682 eius
1885 4614 1947 4681 ad-

167 4732 311 4828 Τξὲξξζξξζζ
325 4738 465 4805 hibuerit
486 4739 608 4803 nullum
630 4738 849 4822 habemusrq.
897 4737 1085 4802 Sucvuuvu
1100 4737 1321 4804 Tridentinum
1343 4737 1541 4825 episcopum,
1567 4738 1622 4821 qui
1644 4745 1737 4822 gesta
1759 4735 1950 4819 Langobar-

326 4861 437 4926 dorum
466 4858 594 4945 scripsit
616 4879 642 4924 c.
669 4879 698 4923 a.
726 4861 805 4940 612,
838 4865 895 4925 aut
916 4858 1021 4943 ipsam
1045 4858 1238 4924 Cassiodorii
1260 4857 1428 4925 Gothicam
1455 4857 1619 4924 historiam
1646 4867 1702 4924 aut
1723 4856 1948 4924 Iordanianam

326 4980 497 5066 epitomum
526 4979 730 5064 aliquatenus
753 4987 896 5046 secutum
919 5000 991 5046 esse
1014 4986 1046 5046 et
1067 4979 1223 5045 imitatum
1246 4979 1310 5045 alio
1332 4981 1402 5045 loco
1425 5000 1546 5046 conrecr
1572 4982 1679 5063 (Nares
1703 4979 1814 5044 Arabio
1836 4977 1900 5043 vol.
1927 4983 1947 5041 5

325 5122 357 5166 a.
379 5103 459 5166 1880
483 5123 515 5187 p.
535 5104 605 5186 75);
632 5102 691 5168 sed
713 5101 807 5167 exilis
828 5108 990 5185 gestorum
1013 5100 1141 5167 illorum
1163 5120 1246 5183 quae
1269 5107 1416 5185 superest
1437 5100 1550 5167 notitia
1572 5108 1607 5167 ut
1627 5102 1713 5167 ultra
1734 5099 1948 5166 coniecturam

413 5450 454 5514 83)
476 5451 557 5500 Pauca
575 5465 638 5512 quac
656 5465 730 5514 supra
747 5464 773 5513 p.
794 5450 880 5498 XXVI
898 5450 954 5498 dixi
973 5451 999 5499 in
1019 5450 1114 5498 Geticis
1131 5451 1235 5511 repetiti
1255 5455 1370 5513 excerpta
1388 5463 1419 5498 en
1438 5447 1552 5497 chronico
1569 5448 1776 5508 Hieronymum,
1803 5453 1832 5497 ut
1852 5464 1867 5498 a
1885 5448 1948 5499 cas·

227 5559 231 5568 ·
326 5539 431 5589 aiodorlo
449 5538 630 5599 abiudiccmus‚
650 5553 749 5588 causam
767 5539 865 5587 uullam
883 5551 939 5586 esse
956 5538 993 5586 ibt
1009 5538 1146 5587 observavi.

415 5624 457 5688 84)
478 5626 625 5686 Gregorlum
644 5625 813 5675 Turorrcnsem
832 5639 882 5674 nou
901 5638 975 5672 nsum
993 5638 1050 5674 essa
1067 5625 1166 5675 lordaul
1185 5625 1277 5674 libellis
1295 5625 1321 5673 iu
1339 5623 1493 5685 praefatione
1511 5637 1536 5685 p.
1559 5621 1669 5669 XXXVI
1687 5621 1866 5684 explicuimus.
