4246 6082
313 296 418 364 LVIII
1010 296 1239 355 Psoouruvu.

309 521 441 587 utilitas.
489 521 820 606 66111661616166666
843 523 1066 608 compendium
1095 529 1218 590 tantum
1240 522 1500 590 Iordanianorum
1532 523 1638 607 dedit,
1671 523 1745 589 aliis
1771 524 1851 590 locis
1880 531 1937 590 ant

310 643 478 728 ampliavit
500 663 540 708 ea
561 648 617 708 aut
639 643 877 727 contaminavit,
903 652 937 710 ut
959 665 999 711 ne
1022 644 1056 710 id
1078 643 1216 728 quidem,
1243 642 1322 727 quid
1344 665 1384 710 ex
1406 642 1543 710 Iordane
1565 645 1685 710 Paulus
1707 643 1873 729 receperit,
1899 644 1937 709 in

308 763 370 828 hac
392 761 530 829 editione
554 783 593 828 ea
614 762 771 830 brevitate
793 784 888 847 quam
910 784 962 830 res
993 764 1175 846 requirebat
1204 763 1339 830 iudicari
1369 764 1509 849 potuerit
1537 764 1655 850 quique
1692 770 1839 830 accurate
1865 784 1935 828 rem

308 902 500 967 cognoscere
523 884 619 969 cupit,
645 884 674 949 ei
697 884 848 950 adeunda
870 884 911 950 sit
925 883 997 969 ipsa
1012 884 1105 951 Pauli
1123 885 1256 952 historia
1269 885 1413 950 Romana
1428 906 1449 950 6
1463 884 1629 970 Droyseno
1644 905 1746 970 nuper
1760 885 1805 950 ita
1820 904 1934 950 16666-

308 1003 379 1082 6116,
407 1011 442 1068 61
457 1004 500 1069 61
517 1003 642 1087 singula
658 1005 765 1090 capita
788 1012 898 1070 auctor
912 1004 1080 1070 indicetur.
1113 1005 1156 1070 ad
1171 1005 1268 1071 crisin
1289 1005 1375 1087 quod
1397 1004 1520 1088 attinet,
1546 1005 1658 1091 paucis
1680 1006 1933 1071 1666366666-

308 1144 378 1189 rum
405 1127 447 1209 (6.
475 1129 524 1206 17,
552 1128 588 1188 21
616 1135 744 1208 tepentes
773 1131 804 1191 61
826 1145 858 1210 p.
887 1130 935 1208 17,
963 1129 1003 1188 25
1029 1128 1217 1210 1161661616),
1251 1146 1313 1191 666
1344 1125 1480 1192 fortasse
1503 1126 1687 1192 Geticorum
1719 1128 1760 1210 (6.
1790 1129 1861 1205 132,
1890 1127 1931 1188 18

310 1265 432 1308 oeream
455 1248 560 1329 cipro
583 1249 672 1308 ctio-m
699 1248 734 1327 61)
768 1251 946 1310 6661161616
968 1245 1120 1310 librorum
1148 1246 1277 1312 lectioni
1299 1246 1437 1312 Paulina
1465 1246 1620 1331 praeferri
1650 1245 1775 1331 poterit.
1823 1266 1934 1311 eorum

309 1371 416 1430 autem
438 1364 482 1428 ad
503 1363 644 1430 ordinem
668 1365 842 1431 secundum
857 1365 977 1431 Paulus
999 1365 1032 1430 in
1054 1364 1236 1432 nominibus
1259 1366 1394 1451 propriis
1418 1366 1592 1432 formandis
1621 1366 1764 1450 proxime
1793 1364 1929 1446 accedit,

309 1491 345 1551 ut
366 1485 477 1551 scribit
496 1488 673 1549 Theodicodo
695 1505 727 1569 p.
756 1488 899 1569 134,17,
925 1488 1144 1569 Errucusrudus
1166 1507 1198 1572 p.
1227 1489 1298 1570 135,
1318 1491 1348 1570 6,
1379 1490 1530 1571 71666616
1554 1506 1586 1570 p.
1615 1490 1686 1570 135,
1705 1490 1735 1568 8,
1765 1488 1934 1549 Theodotus

309 1625 342 1690 p;
370 1608 441 1690 136,
471 1610 520 1670 19.
567 1604 820 1690 interpolationis
845 1612 952 1672 tamen
983 1606 1057 1671 huic
1086 1606 1191 1672 ordini
1219 1607 1368 1693 propriae
1395 1607 1483 1693 apud
1505 1607 1640 1673 Paulum
1672 1606 1810 1690 vestigia
1839 1606 1932 1672 nulla

309 1724 518 1812 deprehendi.
566 1746 652 1792 mero
674 1746 753 1793 6666
776 1745 847 1791 cum
869 1746 974 1792 errore
996 1722 1280 1811 Heidelbergensis
1302 1727 1462 1794 consentit
1484 1749 1516 1812 p.
1543 1730 1595 1806 23,
1628 1730 1679 1791 17.
1734 1760 1736 1764 -

162 1868 298 1914 11161111
397 1865 602 1930 cinnomus
626 1882 729 1947 sagax
750 1863 833 1929 inter
854 1884 884 1929 a.
904 1867 965 1927 977
990 1872 1022 1930 61
1039 1867 1120 1929 1026
1143 1865 1255 1931 616116
1269 1864 1396 1931 addidit
1410 1865 1453 1930 ad
1468 1864 1561 1929 Pauli
1575 1864 1740 1930 historiam
1756 1866 1933 1929 Romanam

309 1990 342 2049 61
363 2005 402 2049 ex
417 1984 562 2049 Iordanis
579 1983 700 2050 Geticis
723 1983 803 2049 duos
825 1983 914 2050 locos
937 2003 964 2049 c.
984 1987 1024 2047 24
1041 1987 1128 2050 6135
1151 1984 1344 2052 6116661611.
1384 2005 1468 2069 eum,
1494 2004 1565 2050 cum
1588 1983 1684 2050 aliter
1698 1991 1794 2068 61666
1808 1984 1931 2050 Ρ66166

308 2111 471 2170 66616166
494 2124 572 2187 6666
595 2104 716 2189 expilat
737 2103 810 2189 ipsa
830 2105 929 2171 verba
951 2103 1087 2171 retinere
1110 2105 1227 2189 soleat,
1253 2105 1434 2172 luculenter
1455 2111 1590 2191 apparet
1612 2104 1765 2171 habuisse
1789 2104 1932 2170 codicem

309 2224 512 2291 Ottoboniani
536 2224 744 2308 simillimum,
771 2224 829 2291 sed
850 2243 888 2290 eo
911 2224 1169 2307 emendatiorem,
1197 2226 1460 2309 confirmaturque
1483 2226 1529 2292 ita
1543 2226 1628 2311 quod
1650 2226 1745 2291 modo
1767 2224 1933 2310 signitica-

308 2345 413 2412 vimus
428 2345 562 2411 Panlum
585 2352 618 2411 et
630 2345 736 2429 ipsum
751 2345 846 2410 huius
861 2344 983 2410 ordinis
999 2345 1141 2411 codicem
1156 2346 1363 2431 usurpavisse
1378 2346 1493 2413 videri.
1532 2367 1607 2412 nam
1623 2345 1737 2412 eadem
1753 2345 1930 2429 volumina,

308 2464 424 2549 quibus
440 2466 558 2531 Paulus
580 2484 658 2531 usus
680 2473 739 2548 661,
765 2486 785 2531 6
807 2464 965 2530 Landolio
986 2486 1112 2550 quoque
1141 2467 1341 2552 potissimum
1371 2473 1524 2552 usurpata
1554 2486 1625 2532 esse
1654 2466 1730 2533 inde
1758 2465 1929 2550 colligitur,

309 2585 393 2669 quod
410 2584 574 2670 Originum
589 2585 695 2669 gentis
710 2586 873 2652 Romanae
896 2584 1071 2670 pleniorem
1086 2586 1206 2652 Paulus
1222 2595 1254 2653 61
1269 2586 1445 2654 Landolins
1469 2586 1530 2652 soli
1544 2586 1759 2653 adhibuerunt
1778 2586 1829 2671 (61.
1848 2606 1933 2671 quae

309 2706 444 2791 exposui
466 2706 499 2771 in
521 2706 660 2772 Hermae
682 2705 744 2772 vol.
775 2709 813 2770 12
835 2726 867 2791 p.
894 2709 983 2791 401).

158 2867 170 2898 0
215 2856 245 2898 ο·
262 2857 295 2899 eri
394 2843 738 2910 HnnranaLobiensis
760 2844 862 2910 abbas
883 2842 985 2928 gestis
1008 2843 1227 2931 episcoporum
1251 2843 1490 2929 Leodiensium,
1516 2865 1599 2927 6666
1622 2866 1652 2910 6.
1673 2843 1933 2929 979161666116

306 2969 380 3029 6616
403 2965 588 3050 composuit,
614 2965 637 3029 l.
655 2964 715 3030 Ic.
736 2965 787 3028 18.
808 2967 845 3028 19
868 2964 960 3048 (1166.
981 2964 1167 3032 6616166.
1187 2971 1252 3050 76.
1275 2967 1346 3052 172)
1371 2966 1476 3031 locum
1491 2964 1626 3030 insemit
1641 2965 1681 3030 de
1696 2965 1801 3030 Hunis
1823 2986 1855 3050 p.
1876 2967 1930 3049 87,

307 3087 385 3148 6-
400 3088 451 3168 91,
479 3088 509 3167 9,
534 3105 630 3169 quem
653 3083 682 3150 ei
706 3083 925 3169 suppeditavit
951 3083 1113 3151 ‘Iordanis
1136 3085 1305 3172 episcopus
1335 3085 1369 3151 in
1399 3084 1533 3151 historia
1562 3083 1603 3150 de
1632 3085 1733 3168 gestis
1756 3084 1934 3150 Gothorum

309 3204 378 3270 ‘vel
401 3205 566 3270 Getarum'
597 3225 637 3271 ex
660 3203 819 3270 secundae
842 3204 957 3269 classis
979 3204 1061 3270 libro
1083 3204 1220 3288 quodam
1245 3206 1486 3292 depromptum,
1519 3204 1593 3271 ideo
1615 3212 1722 3270 autem
1744 3204 1930 3288 notabilem,

305 3322 391 3407 quod
406 3344 527 3391 errores
550 3324 680 3409 quidam
702 3323 796 3390 huius
812 3323 932 3390 ordinis
946 3323 1037 3392 libris
1052 3344 1132 3409 6666
1148 3324 1297 3392 novimus
1313 3327 1458 3392 omnibus
1474 3344 1657 3392 communes
1674 3327 1725 3405 89,
1749 3329 1783 3387 li
1802 3345 1933 3408 1666661

306 3465 362 3530 616
385 3467 489 3530 mayoc
512 3449 617 3528 etse,
651 3448 690 3509 13
720 3456 823 3509 terroe
846 3465 903 3530 pro
932 3467 1057 3528 errore,
1091 3446 1132 3511 ab
1162 3445 1361 3529 Herigerano
1391 3452 1541 3530 excerpto
1570 3446 1704 3524 absunt3
1736 3450 1933 3529 quapropter

306 3565 428 3631 variam
457 3566 627 3633 lectionem
655 3564 726 3632 eius
753 3564 838 3631 16116
869 3564 1027 3651 adscripsi
1040 3570 1103 3650 101).
1135 3603 1178 3613 -
1208 3564 1361 3633 Similiter
1389 3567 1489 3632 Hvao
1519 3566 1805 3630 anvnvrucmvsrs
1835 3586 1865 3630 c.-
1894 3586 1927 3630 6.

311 3688 451 3770 1100111)
479 3693 512 3752 61
540 3685 635 3752 0116
658 3686 897 3751 1166666666
920 3704 948 3750 6.
974 3705 1004 3750 a.
1034 3690 1115 3751 1143
1126 3689 1176 3771 ¹⁰³]
1203 3686 1254 3752 661
1282 3694 1414 3772 6161666
1442 3685 1587 3753 16116616
1618 3684 1765 3752 chronico
1795 3691 1929 3769 utroque

307 3805 403 3872 huius
425 3803 545 3871 ordinis
567 3804 685 3871 librum
707 3804 856 3872 videntur
878 3804 1077 3873 adhibuisse.

258 3956 291 3987 vv
393 3943 680 4010 Prunmrrsmuurr
701 3943 915 4011 bibliothecae
937 3944 1109 4027 aliquando
1131 3942 1348 4026 Middlehillii,
1375 3943 1469 4009 hodie
1492 3942 1716 4009 Chellenhami
1737 3940 1931 4010 adservatae

307 4065 409 4132 codex
444 4063 544 4148 [nobis
568 4068 600 4149 S)
627 4064 721 4131 hodie
750 4064 919 4150 bipertitus
944 4067 1037 4129 1885.
1066 4068 1148 4130 1896
1178 4065 1309 4152 membr.
1336 4084 1422 4131 saec.
1446 4064 1495 4129 IX
1524 4072 1620 4131 antea
1647 4064 1708 4130 fuit
1733 4063 1865 4152 Parisiis
1896 4063 1929 4128 in

306 4185 442 4273 collegio
458 4185 713 4267 claromontano,
739 4183 856 4251 deinde
870 4185 1083 4252 bibhothecae
1099 4185 1377 4252 Meermannianae
1399 4205 1432 4250 6.
1451 4187 1524 4250 821.
1559 4184 1644 4251 16161
1658 4191 1808 4270 61661616
1826 4183 1922 4250 histo-

396 4496 453 4560 101)
473 4513 498 4561 p.
520 4498 567 4560 89,
589 4499 604 4548 6
625 4495 692 4564 post]
713 4502 799 4559 posteo
824 4524 858 4535 —
883 4501 1045 4548 interuallum
1060 4525 1097 4535 -
1121 4498 1232 4549 boverias
1256 4498 1378 4547 bunonem
1400 4522 1434 4533 -
1455 4491 1566 4561 766661]
1589 4510 1645 4544 cum
1669 4497 1737 4544 omni
1759 4519 1794 4530 -
1817 4492 1933 4562 66111666]

307 4587 443 4634 constitisse
455 4609 489 4620 —
505 4584 608 4647 8611616
619 4610 653 4619 -
665 4598 788 4645 66666616
801 4587 908 4633 scantiae
924 4612 960 4620 -
980 4584 1010 4634 10
1023 4587 1134 4635 introisse
1146 4581 1270 4650 superius]
1282 4586 1402 4632 introisset
1414 4586 1476 4631 sicut
1493 4608 1528 4617 -
1547 4580 1575 4629 ll
1590 4582 1751 4631 haliorunnas
1768 4607 1803 4618 -
1822 4580 1853 4630 12
1869 4583 1931 4630 6611-

307 4671 393 4719 tudine
407 4697 443 4706 —
462 4669 493 4719 13
505 4669 629 4718 heremum
639 4695 674 4706 -
686 4667 782 4737 eorum]
801 4684 826 4718 se
844 4685 930 4719 eorum
947 4697 982 4706 —
1002 4670 1032 4719 14
1046 4666 1120 4736 puae]
1133 4671 1243 4732 66611-
1257 4664 1375 4734 1666661]
1388 4671 1446 4730 6616
1456 4694 1492 4703 -
1503 4667 1710 4728 6616661661-
1730 4666 1760 4716 18
1775 4665 1851 4733 quod]
1869 4681 1932 4730 6666

308 4783 339 4793 -
360 4755 391 4806 13
411 4751 500 4821 661616]
518 4754 566 4818 ilde
588 4780 623 4792 —
646 4754 679 4803 20
697 4753 833 4822 interioris]
849 4758 964 4805 ulteriore
987 4783 1021 4792 —
1045 4773 1071 4819 p.
1092 4756 1134 4819 90,
1157 4756 1169 4805 1
1190 4759 1319 4818 inquirunt
1341 4781 1377 4791 -
1400 4753 1457 4802 266
1474 4755 1532 4801 6166
1554 4779 1589 4790 -
1613 4753 1628 4801 3
1646 4753 1775 4802 meotidem
1792 4767 1855 4815 quae
1874 4753 1929 4816 (616)

307 4846 445 4905 serpentium
467 4867 502 4878 -
524 4843 627 4902 6616666
644 4840 785 4909 6661161661]
807 4856 883 4904 pecus
900 4842 1073 4890 existimabant
1096 4868 1129 4877 -
1153 4842 1170 4891 4
1188 4837 1295 4906 quoque]
1319 4857 1341 4901 6.
1361 4845 1390 4887 61
1413 4866 1449 4874 -
1473 4839 1488 4888 5
1507 4839 1630 4888 inuidiam
1654 4865 1685 4876 -
1711 4836 1797 4905 6661]
1816 4842 1875 4901 6616
1897 4866 1933 4877 -

308 4929 322 4978 7
342 4924 399 4994 iter]
416 4930 473 4977 item
489 4953 524 4964 -
542 4929 628 4977 661166
640 4933 698 4976 6616
709 4925 797 4995 661611]
809 4933 867 4977 6616
879 4928 924 4976 hoe
936 4933 1015 4977 uetute
1027 4929 1137 4978 66111-
1152 4928 1167 4976 8
1180 4924 1247 4993 diu]
1259 4926 1367 4988 perdiu.
1381 4952 1416 4961 -
1428 4926 1526 4974 edicunt
1537 4950 1571 4961 —
1585 4925 1600 4975 9
1612 4941 1687 4989 66616
1697 4926 1883 4975 -didicerant
1898 4952 1932 4963 —

309 5014 341 5064 10
356 5017 429 5076 petus
441 5029 489 5063 om.
503 5042 536 5052 —
552 5013 583 5064 12
595 5011 754 5081 6161166166]
767 5015 906 5064 6611666166
917 5042 952 5052 -
963 5019 1093 5065 tuncorsos
1104 5041 1139 5051 -
1151 5013 1292 5064 insidebant
1308 5039 1344 5048 -
1363 5011 1393 5060 13
1412 5013 1504 5060 6166116
1515 5039 1550 5048 -
1564 5011 1594 5060 15
1607 5009 1677 5078 quos]
1696 5013 1759 5075 6666
1771 5038 1805 5049 -
1816 5026 1841 5074 6.
1856 5010 1900 5075 91,
1918 5014 1928 5061 1

306 5100 438 5162 6161611616
454 5127 489 5136 -
508 5100 524 5149 2
542 5101 659 5165 defonnis
676 5127 711 5136 —
728 5102 743 5151 3
762 5101 877 5163 fiduciam
894 5101 1006 5150 turbidus
1022 5101 1107 5163 prodit
1124 5128 1158 5137 -
1177 5101 1192 5149 4
1210 5115 1256 5149 666.
1277 5113 1333 5161 666.
1360 5124 1393 5135 -
1415 5094 1557 5164 51166]111
1579 5124 1615 5134 -
1636 5103 1758 5147 uetustate
1781 5124 1816 5133 -
1839 5098 1934 5147 61616-

305 5191 426 5250 pestiuam
444 5202 493 5236 om.
511 5214 545 5223 —
563 5191 644 5249 616116
662 5191 784 5237 6166161666
801 5191 956 5237 66661611-
974 5188 989 5237 7
1009 5188 1107 5250 quidem
1124 5202 1172 5235 om.
1193 5213 1228 5222 -
1245 5181 1354 5251 6166116]
1372 5189 1438 5234 66611
1455 5212 1491 5221 -
1509 5183 1524 5232 8
1543 5183 1575 5230 ud
1592 5198 1640 5233 cm.
1659 5210 1694 5221 —
1711 5199 1790 5236 orcos.

395 5272 451 5335 102)
473 5274 578 5335 Legitur
595 5274 662 5336 apud
680 5274 748 5322 hunc
769 5274 845 5335 (1166.
867 5274 950 5323 Germ.
972 5274 1018 5326 SS.
1039 5274 1102 5323 VIII
1119 5287 1145 5335 p.
1168 5272 1227 5335 313)
1252 5272 1392 5331 Wisirmor,
1412 5273 1455 5319 ubi
1473 5268 1600 5321 uisunnur
1620 5276 1660 5319 est
1674 5272 1702 5318 16
1722 5271 1752 5333 0,
1772 5287 1798 5336 p.
1818 5270 1861 5334 87,
1883 5269 1932 5333 113

307 5360 420 5410 36166616
443 5374 500 5409 cunr
526 5360 571 5408 OB
588 5375 613 5423 p.
634 5359 676 5421 iil,
699 5359 745 5421 rs,
771 5362 797 5408 16
814 5359 919 5409 11661616
942 5375 1027 5423 omne,
1053 5360 1100 5408 nbl
1118 5359 1253 5407 Borentum
1273 5357 1325 5419 OB,
1346 5372 1372 5419 p.
1392 5358 1434 5416 09,
1457 5355 1502 5405 ll:
1529 5363 1613 5405 contra
1636 5372 1696 5406 essu
1719 5359 1806 5419 661661
1823 5357 1933 5406 Adrieus

307 5461 364 5495 cum
381 5447 409 5493 Η
424 5460 450 5508 p.
471 5446 513 5507 87,
535 5445 559 5497 7.

394 5532 451 5594 103)
472 5532 548 5594 Apud
565 5531 634 5581 hunc
651 5546 749 5595 666666
768 5534 793 5593 4,
815 5531 845 5581 21
869 5533 945 5596 (1166.
965 5532 1049 5581 Germ.
1071 5532 1114 5581 SS.
1135 5532 1184 5579 1111
1202 5546 1228 5592 p.
1245 5529 1304 5591 207)
1324 5529 1712 5591 6661166666116161116166166,·
1731 5528 1756 5593 4,
1778 5528 1810 5578 28
1828 5530 1929 5590 receptis

307 5625 347 5669 est
364 5633 421 5667 cum
439 5618 505 5667 SOB
522 5633 548 5680 p.
571 5615 628 5677 105,
651 5617 690 5668 18.
730 5620 773 5668 sed
792 5620 862 5667 adest
880 5622 989 5679 66611661
1007 5634 1032 5680 p.
1056 5617 1112 5676 105,
1135 5618 1176 5669 13.
