4246 6082
43 2130 124 2173 hiberii
138 2131 219 2184 scripti

145 2198 166 2226 ra.
181 2187 216 2226 551

229 244 307 310 XIV
921 242 1151 299 PROOEMIVM.

230 466 386 551 vigilium
409 487 496 547 eum,
529 464 580 531 cui
602 466 756 532 Iordanes
778 466 923 532 Romana
945 466 1125 553 inscripsit,
1159 467 1260 535 fuisse
1290 491 1407 555 papam
1437 471 1506 536 eius
1536 471 1673 537 nominis
1694 492 1726 536 a.
1754 471 1878 535 538-

231 592 304 652 555.
349 608 423 652 nam
444 594 588 671 tempora
611 594 696 652 recte
720 587 912 653 conveniunt
933 595 1101 672 potestque
1124 587 1202 654 addi
1224 597 1256 655 et
1271 590 1423 673 Vigilium
1446 590 1634 676 apartibus
1656 590 1876 677 imperatoris

231 715 340 773 eontm
361 707 483 772 Gothos
507 707 635 772 stetisse
658 711 996 773 5155555547-551
1020 707 1294 793 Constantinopoli
1317 710 1467 793 exegisse
1490 711 1531 775 ab
1554 711 1745 796 imperatore
1762 730 1875 796 prop-

229 834 279 894 ter
306 827 537 893 controversias
567 826 608 892 de
638 827 740 892 tribus
769 827 919 911 capitulis
949 847 1033 910 quae
1064 827 1212 893 dicuutur
1235 849 1273 894 eo
1297 836 1473 895 evocatum.
1520 831 1597 897 item
1621 831 1758 897 fortasse
1781 829 1873 896 addi

229 955 334 1033 potest
356 946 440 1030 quod
463 968 560 1032 snpra
583 947 721 1011 vidimus
744 948 937 1028 Castalium,
970 949 1020 1013 cni
1044 949 1157 1016 Getica
1178 948 1332 1015 Iordanes
1354 949 1533 1035 inscripsit,
1566 950 1670 1036 ipsius
1692 957 1726 1017 et
1745 950 1872 1033 Vigilii

233 1071 451 1133 ‘communem
474 1068 626 1133 amIcum'
649 1067 770 1132 vixisse
792 1068 825 1132 in
848 1069 927 1133 locis
949 1069 1039 1152 genti
1062 1068 1238 1134 Gothorum
1260 1069 1390 1153 vicinis,
1420 1070 1456 1135 id
1478 1070 1564 1154 quod
1586 1072 1706 1136 Itomae
1729 1069 1873 1153 degenti

230 1195 340 1273 aptum
371 1190 480 1269 55135).
528 1187 585 1252 sed
616 1208 679 1252 uon
708 1187 777 1252 siue
806 1188 892 1253 iusta
915 1187 1337 1271 55555405115511555111)
1371 1189 1493 1255 mourut
1515 1210 1626 1274 parum
1650 1198 1725 1275 apte
1747 1210 1872 1256 mona-

231 1309 344 1391 chum,
377 1308 482 1392 qualis
505 1307 566 1373 init
586 1307 760 1387 Iordanes,
794 1329 911 1393 papam
935 1308 1089 1392 vigilium
1112 1329 1175 1373 uon
1198 1309 1301 1373 solnm
1325 1309 1456 1392 adloqui
1479 1317 1640 1392 umquam
1664 1329 1774 1394 parem
1799 1309 1870 1375 sibi

232 1429 301 1493 sine
325 1429 392 1493 ulla
414 1428 576 1513 splendidi
599 1427 695 1492 officii
720 1427 964 1510 significatione,
991 1428 1050 1494 sed
1072 1429 1169 1494 etiam
1191 1428 1326 1503 hortari,
1353 1436 1389 1495 ut
1410 1429 1520 1495 relicto
1543 1430 1675 1495 saeculo
1696 1428 1740 1494 ad
1763 1428 1867 1495 deum

233 1566 268 1614 se
291 1555 467 1629 convertat,
502 1549 534 1613 id
558 1556 607 1614 cst
629 1547 672 1612 ad
694 1549 877 1632 exemplum
906 1549 1044 1614 auctoris
1071 1556 1103 1615 et
1128 1549 1198 1634 ipse
1228 1550 1404 1614 monachus
1433 1549 1507 1631 fiat,
1541 1569 1636 1633 sane,
1671 1550 1699 1614 si
1721 1569 1813 1634 papa
1835 1551 1868 1614 is

232 1668 303 1751 fuit,
330 1669 541 1735 subabsurde.
580 1668 708 1734 omnino
730 1668 791 1733 hoc
817 1688 942 1751 quoque
964 1668 1130 1735 inventum
1152 1675 1187 1734 nt
1210 1689 1249 1733 ex
1273 1689 1311 1734 eo
1333 1689 1452 1752 genere
1475 1676 1533 1750 est,
1559 1669 1645 1752 quod
1667 1669 1787 1734 urooes
1802 1668 1871 1733 ad-

231 1789 402 1871 mirantur,
436 1790 482 1855 ita
512 1790 578 1855 acri
608 1795 641 1854 et
669 1796 801 1874 experto
831 1787 930 1853 iudici
959 1808 1161 1873 nequaquam
1191 1789 1317 1874 probari
1347 1783 1480 1874 poterit,
1511 1789 1608 1854 immo
1639 1781 1724 1872 quod
1745 1808 1867 1875 parum

231 1910 362 1992 Latine,
395 1883 1015 1994 550555555ιοί11ιὶ15555555555
1044 1928 1116 1975 esse
1144 1929 1208 1974 non
1237 1909 1346 1975 valere
1376 1909 1630 1985 conclusionem,
1664 1909 1698 1974 id
1728 1909 1756 1974 si
1784 1909 1870 1992 qnid

231 2028 325 2095 video
348 2030 401 2094 hic
423 2049 549 2113 quoque
572 2029 746 2094 tenendum
770 2035 820 2094 est
841 2047 945 2111 neque
967 2028 1200 2112 indulgendum
1225 2029 1389 2113 speciosis,
1417 2029 1475 2094 sed
1498 2037 1585 2096 certa
1607 2029 1785 2112 sequenda.

318 2149 389 2226 Quo
411 2156 552 2233 tempore
575 2152 787 2214 Romanorum
811 2147 926 2212 librum
950 2149 1130 2233 scripserit,
1157 2149 1227 2233 ipse
1250 2150 1405 2214 Iordanes
1426 2149 1474 2214 ait
1496 2149 1528 2214 in
1551 2149 1749 2235 praefatione
1772 2169 1802 2214 c.
1829 2154 1865 2233 4,

232 2269 355 2334 scilicet
384 2288 436 2334 res
467 2288 503 2336 se
531 2275 731 2334 narraturum
767 2268 817 2332 ‘in
848 2267 1034 2333 vicesimum
1065 2277 1211 2352 quartum
1240 2290 1359 2334 annum
1382 2269 1551 2336 iustiniani
1581 2268 1799 2353 imperatoris'
1832 2276 1870 2335 et

232 2389 338 2455 denno
354 2409 381 2453 c.
402 2392 483 2454 363:
512 2389 726 2454 ‘lastinianus
749 2388 920 2472 imperator
942 2395 1056 2472 regnat
1076 2387 1142 2454 iam
1164 2409 1239 2454 ann.
1265 2392 1393 2454 xxrrrr'.
1421 2389 1477 2472 qui
1499 2397 1548 2455 est
1570 2409 1674 2456 annus
1692 2389 1762 2455 ah.
1780 2389 1864 2473 Apr.

233 2530 264 2574 a.
284 2514 343 2572 551
370 2508 588 2594 incipiens27).
636 2515 668 2573 et
690 2528 764 2573 vere
786 2514 934 2573 narratur
955 2529 1039 2574 mors
1063 2507 1233 2591 Germani,
1260 2529 1343 2592 quae
1366 2509 1475 2575 evenit
1503 2516 1654 2576 autumno
1677 2530 1707 2574 a.
1735 2512 1797 2573 550
1808 2512 1865 2594 21),

233 2629 398 2713 filiumque
421 2650 460 2695 ex
484 2650 521 2695 eo
544 2635 724 2714 postumum
748 2635 857 2693 uatum
881 2648 954 2694 osse
982 2635 1018 2706 (c.
1046 2630 1140 2712 383),
1173 2628 1250 2694 item
1280 2628 1478 2695 incursiones
1508 2630 1747 2711 ‘quotidianae‘
1771 2629 1868 2695 Scla-

194 2816 198 2821 .
232 2771 384 2817 vanorum
407 2758 440 2816 et
462 2751 633 2833 Antarum,
667 2748 792 2815 scilicet
816 2748 980 2845 expeditio
1002 2750 1044 2815 ab
1066 2748 1107 2814 iis
1130 2771 1160 2814 a.
1187 2754 1249 2814 550
1272 2749 1305 2814 15
1328 2749 1499 2815 Thraciam
1522 2752 1737 2836 susceptam),
1770 2748 1879 2831 deni-y

232 2892 294 2954 quc
322 2874 360 2955 (c.
386 2875 458 2937 386.
486 2874 557 2955 307)
586 2871 718 2937 victoria
740 2870 1022 2953 Langobardorum
1045 2869 1086 2935 de
1109 2870 1244 2954 Gepidis
1266 2891 1298 2936 a.
1324 2876 1384 2934 551
1410 2874 1637 2955 reportata30),
1675 2877 1711 2936 ut
1738 2869 1866 2936 mittam

234 3089 502 3096 ——.—.-.-.—..-
511 3090 645 3097 ——.-..--

321 3231 363 3293 25)
384 3233 531 3281 Schirreuus
550 3234 625 3280 adii-it
643 3233 780 3294 vigilium,
804 3234 898 3294 qnippe
917 3234 960 3294 qui
980 3235 1033 3294 lpse
1051 3233 1083 3280 ad
1101 3236 1275 3294 imperatorem
1294 3234 1385 3281 scribat
1405 3236 1579 3293 (constitutum
1598 3235 1629 3283 de
1647 3236 1727 3283 tribus
1746 3235 1866 3297 capitalis

235 3319 273 3369 ed.
294 3319 378 3379 Migne
396 3334 421 3382 p.
445 3318 502 3380 104)
531 3319 653 3366 ‘tirasone
670 3316 785 3378 liuguae,
812 3321 880 3367 sicut
898 3320 996 3367 cunetis
1014 3323 1040 3366 et
1058 3321 1166 3366 maxime
1184 3321 1271 3381 pietati
1289 3325 1387 3369 vestrae
1405 3326 1490 3369 notum
1509 3327 1560 3380 est,
1588 3336 1676 3370 sumna
1701 3316 1804 3382 ignari',
1830 3321 1865 3368 de

234 3404 380 3453 Graecorum
399 3406 511 3474 historiis
529 3407 559 3451 55
577 3407 655 3452 amieo
673 3407 809 3453 eruditlore
827 3407 936 3453 voluisse
954 3406 1059 3454 edoceri.
1089 3405 1155 3466 qnod
1174 3407 1195 3453 si
1214 3407 1249 3453 ita
1267 3412 1314 3465 est,
1336 3420 1384 3454 nou
1402 3410 1505 3469 penitus
1517 3410 1623 3456 amicum
1636 3410 1737 3456 novisse
1751 3407 1863 3457 videtur.

320 3490 363 3552 25)
384 3490 522 3539 (lesrhr'ehte
540 3490 583 3538 der
601 3491 782 3540 ebrleth'ch·lut.
805 3491 940 3539 Litterutur
958 3493 970 3539 I
988 3506 1013 3554 5.
1029 3491 1088 3540 563.

320 3577 362 3640 at)
382 3579 421 3625 lta
439 3579 506 3625 enim
525 3578 663 3625 seeundum
681 3579 761 3638 legem
780 3594 803 3626 5.
824 3577 872 3626 533
895 3579 1039 3641 (Iustiniani
1059 3591 1116 3626 nov.
1136 3578 1184 3639 473
1205 3581 1237 3629 oi.
1256 3578 1314 3627 Ghr.
1335 3579 1421 3628 Pasch.
1437 3580 1486 3639 15.
1502 3578 1551 3628 517
1570 3579 1716 3638 5511555.)
1737 3579 1798 3626 5551
1817 3579 1864 3627 Iu-

233 3666 336 3712 51151551
355 3670 527 3712 numerantur.

321 3749 362 3811 28)
385 3750 530 3799 Secundum
546 3750 691 3811 Procopium
705 3749 729 3813 3,
745 3749 787 3799 40.
808 3750 832 3810 4,
848 3749 881 3798 20
899 3764 964 3798 anno
981 3763 1026 3797 rvr
1044 3750 1104 3797 belli
1118 3750 1227 3809 Gothici,
1248 3750 1272 3798 id
1292 3757 1330 3798 est
1348 3750 1408 3810 550,
1428 3749 1566 3798 Germanus
1585 3751 1633 3798 iter
1651 3752 1745 3798 iaciens
1763 3751 1789 3797 in
1807 3750 1863 3798 Ita-

233 3837 292 3884 liam
306 3836 420 3885 Serdicao
438 3838 465 3884 15
478 3838 554 3885 Dacia
571 3837 753 3884 mediterranea
770 3837 800 3883 ab
818 3837 966 3898 Imperatore
985 3837 1124 3884 subsistere
1142 3839 1226 3884 iussus
1245 3841 1284 3884 eat
1301 3842 1402 3898 propter
1419 3840 1514 3883 metum
1533 3836 1685 3884 iucursionis
1703 3837 1861 3884 barbarorum

234 3923 524 3974 Transdanuvianorum:
550 3925 643 3984 quibus
666 3923 765 3970 domum
790 3925 896 3970 reversis
921 3922 997 3971 biduo
1021 3927 1078 3970 ante
1097 3923 1164 3971 dlem
1182 3923 1267 3970 itineri
1285 3924 1311 3969 in
1330 3923 1428 3970 ltaliam
1447 3922 1605 3983 suscipiendo
1623 3923 1777 3970 destinatum
1796 3922 1860 3970 Ger·

234 4023 323 4057 uranus
342 4012 424 4057 morbo
442 4016 568 4072 correptus
586 4011 656 4057 obiit.
694 4009 770 4058 duces
788 4015 873 4056 autem
892 4011 916 4056 ei
935 4009 1066 4057 substituti
1091 4009 1229 4056 exercitum
1249 4006 1350 4056 Salonas
1374 4009 1503 4057 duxerunt
1523 4010 1609 4070 ibique
1632 4009 1742 4056 hiemem
1767 4022 1859 4065 exege-

233 4101 301 4144 runt.
340 4096 407 4144 node
425 4097 549 4157 colligimr
564 4097 716 4143 (lemanum
734 4095 826 4143 obiisse
844 4108 910 4143 anno
927 4096 1018 4143 maiore
1037 4108 1068 4143 ex
1087 4100 1156 4157 parte
1175 4099 1269 4155 exacto,
1291 4094 1372 4142 illium
1390 4102 1535 4157 postumum
1553 4099 1640 4142 natum
1660 4108 1714 4142 esse
1733 4100 1777 4141 aut
1794 4107 1860 4141 anno

235 4194 264 4227 co
282 4187 392 4230 extremo
411 4187 455 4229 ant
472 4183 578 4229 ineunte
595 4183 720 4242 sequenti.

321 4267 361 4329 20)
384 4268 456 4317 ltom.
476 4274 552 4329 exta,
573 4268 630 4319 Get.
652 4269 676 4328 5,
697 4267 740 4316 37.
765 4268 806 4329 23,
830 4266 887 4316 119.
925 4267 1086 4327 Intellegitur
1104 4270 1159 4331 ipsa
1177 4270 1220 4317 illa
1240 4270 1349 4317 incursio
1368 4267 1545 4316 sclavenorum
1564 4270 1737 4329 stantarum,
1760 4273 1861 4329 propter

234 4369 308 4415 qnam
328 4355 467 4402 Gerrnanus
485 4369 590 4416 pergens
608 4357 635 4402 in
654 4356 752 4401 ltaliam
772 4354 887 4402 serdicae
905 4355 1059 4403 substiterat.
1089 4354 1224 4417 Procopius
1243 4356 1260 4405 l.
1281 4369 1318 4404 o.:
1343 4349 1501 4422 Σιλαβηνῶν
1520 4350 1608 4419 ὅμιλος
1628 4349 1686 4409 deos
1704 4349 1776 4404 οὗτοι
1794 4351 1860 4419 πρό-

234 4457 305 4511 τερον
330 4437 435 4510 ἀφ1ιιετο
460 4437 486 4496 ές
507 4433 646 4507 Ῥωμαίων
671 4438 717 4506 τὴν
740 4443 802 4508 γῆν,
825 4428 921 4506 Ἴστρον
947 4437 975 4489 δὲ
999 4437 1113 4507 ποταμόν
1132 4437 1263 4506 διαβάντες
1280 4438 1348 4508 ἀμφὶ
1366 4434 1460 4489 Ναιοδν
1478 4435 1570 4504 ᾖλδον.
1608 4447 1690 4487 narrat
1708 4440 1799 4487 deinde
1817 4452 1860 4487 eos

236 4527 438 4575 Thessalonicam
462 4529 586 4589 petituros
610 4529 704 4585 fuisse,
731 4527 774 4574 sed
799 4530 867 4573 metu
886 4525 1019 4587 Germani,
1045 4527 1089 4588 qui
1107 4528 1166 4575 olim
1184 4532 1268 4574 eontra
1285 4528 1365 4574 Antas
1384 4539 1436 4573 rem
1455 4526 1520 4573 bene
1539 4533 1648 4586 gesserat
1670 4527 1777 4588 (Procop.
1796 4522 1857 4573 bell.

236 4614 310 4664 Goth.
332 4615 355 4669 3,
378 4614 437 4675 31),
464 4616 553 4662 omissa
571 4614 715 4661 Macedonia
737 4614 830 4661 abiisse
854 4614 882 4659 iu
901 4614 1051 4661 Dalmatiam
1075 4617 1130 4660 tum
1154 4626 1203 4660 non
1227 4618 1357 4675 parentem
1379 4613 1523 4674 imperatori
1541 4611 1665 4660 Orientis:
1691 4625 1748 4659 mox
1772 4613 1861 4659 nuntio

236 4705 336 4763 accepto
355 4700 385 4748 de
405 4704 482 4748 morte
501 4699 618 4748 Germani
638 4701 724 4761 plures
741 4707 851 4747 catervas
870 4698 1015 4746 [lanuvium
1034 4700 1164 4749 transiisse
1182 4712 1264 4761 neque
1282 4699 1438 4761 impedIente
1456 4699 1506 4745 iam
1524 4698 1588 4745 duce
1606 4698 1649 4745 illo
1666 4699 1793 4759 tripertito
1815 4711 1861 4744 er·

236 4787 314 4835 ercitu
333 4788 360 4833 iu
379 4786 478 4848 Europa
496 4787 623 4848 proviacia
642 4801 664 4836 a.
686 4780 760 4850 55011
783 4784 916 4833 hiemasse.
954 4784 1085 4845 Procopius
1103 4786 1120 4832 l.
1142 4799 1179 4835 c.:
1211 4779 1356 4854 Σιλαβηνοὶ
1380 4781 1408 4833 δὲ
1432 4779 1457 4834 o'i
1479 4799 1507 4833 τε
1529 4781 1562 4834 τὰ
1585 4781 1695 4851 πρότερα
1720 4781 1746 4832 ἐν
1770 4782 1802 4852 τῇ
1827 4780 1859 4850 τῇ

236 4867 361 4937 βασιλέως
379 4869 508 4941 γενόμενοι
527 4907 534 4920 .
550 4908 578 4921 ..
598 4869 641 4922 καὶ
658 4868 733 4922 ἄλλοι
756 4868 784 4922 οὺ
809 4868 897 4941 πολλῷ
920 4866 1023 4937 ὕστερον
1044 4861 1140 4938 'lorpes
1163 4886 1190 4920 τε
1213 4871 1326 4938 ποταμὸν
1351 4867 1482 4938 διαβάντες
1504 4867 1548 4920 καὶ
1570 4874 1625 4927 τοῖς
1648 4867 1779 4938 προτέροις
1798 4866 1859 4919 ἀνα-

237 4955 373 5026 μιχθέντες
390 4955 513 5009 κατέθεον
532 4955 559 5008 ἐν
577 4955 661 5026 πολλῇ
682 4955 781 5026 dicacior
798 4958 845 5026 τὴν
861 4952 1001 5025 Ῥωμαέων
1019 4954 1103 5029 ἀρχὴν
1123 4994 1129 5006 .
1146 4995 1151 5006 .
1169 4994 1175 5006 .
1196 4953 1222 5014 ἐς
1240 4954 1297 5025 τρία
1316 4955 1402 5025 μέντοι
1418 4952 1481 5023 τέλη
1501 4958 1565 5025 σφᾶς
1584 4952 1675 5012 αὐτοὺς
1694 4952 1816 5012 διελόντες
1835 4953 1859 5005 οἱ

238 5040 359 5113 βάρβαροι
377 5040 446 5095 οὔτοι
465 5041 592 5112 ἀνήκεστα
612 5040 638 5092 ἐν
658 5040 769 5114 Εὐρώπῃ
787 5045 820 5114 τῇ,
840 5041 887 5116 ὅλα)
907 5041 968 5113 ἔργα
987 5040 1149 5113 εἰργάσαντο,
1176 5041 1223 5095 οὐκ
1245 5041 1272 5104 ἐξ
1291 5040 1432 5111 ἐπιδρομῆς
1450 5039 1597 5110 ληιζόμενοι
1613 5039 1645 5092 τὰ
1663 5039 1747 5113 dasian
1765 5039 1857 5112 χοιρία,

237 5125 296 5179 ἀλλ’
317 5129 401 5198 ὥσπερ
420 5128 447 5180 έν
465 5132 539 5202 χώρᾳ
557 5129 637 5199 οἰκείᾳ
655 5128 860 5201 διαχειμάζοντες
879 5128 952 5182 οὐδέν
969 5147 996 5181 τε
1015 5128 1123 5187 δεδιότες
1141 5127 1275 5198 πολέμιον.
1313 5131 1405 5179 slmilia
1426 5134 1557 5177 narrantur
1574 5131 1591 5179 l.
1611 5130 1627 5178 4
1646 5145 1668 5179 o.
1689 5129 1730 5178 25.
1769 5131 1796 5176 15
1815 5129 1860 5176 555

237 5218 291 5279 ipsa
309 5218 411 5277 regione
429 5232 484 5266 cnm
503 5219 619 5267 iordanes
637 5220 750 5281 degeret,
777 5220 915 5280 explicatur
932 5220 983 5277 ita,
1010 5224 1039 5265 nt
1057 5232 1132 5279 supra
1150 5220 1307 5278 monuimus,
1334 5226 1385 5265 tam
1410 5218 1466 5265 eins
1485 5230 1552 5264 amor
1568 5217 1597 5263 in
1615 5216 1767 5265 Germanum
1785 5230 1860 5277 quam

237 5320 302 5367 quae
320 5306 446 5364 signiilcat
463 5306 495 5353 de
512 5320 594 5354 rerum
613 5312 679 5355 statu
698 5308 726 5354 in
745 5305 953 5366 praesentiarum.

325 5392 367 5452 30)
387 5392 524 5455 Procopius
541 5395 566 5442 5.
587 5394 617 5441 il.
638 5394 662 5449 4,
684 5393 726 5443 25.
765 5392 876 5453 Gephiae
894 5406 949 5438 rum
970 5390 1104 5439 Sclavenos
1123 5392 1266 5439 Danuvium
1285 5394 1445 5438 hanseuntes
1463 5385 1625 5450 adiuvarent,
1649 5395 1748 5450 propter
1767 5391 1791 5437 id
1810 5389 1860 5436 lto-

239 5480 319 5527 manis
342 5479 412 5527 exosi
437 5485 508 5525 erant
532 5492 580 5526 non
604 5481 686 5526 minus
705 5495 778 5540 quum
797 5480 908 5526 Sclaveni
928 5480 993 5539 ipsi:
1021 5480 1087 5526 unde
1105 5479 1277 5537 intellegitur,
1304 5490 1347 5524 555
1367 5476 1483 5523 iordanes
1501 5475 1627 5521 victoriam
1647 5476 1861 5532 lungobardorum

239 5567 344 5614 summis
361 5564 480 5613 laudibus
497 5563 608 5611 extollat.
1509 5556 1513 5563 '
1573 5560 1579 5573 ⁸
