4246 6082
248 314 289 376 28
970 308 1150 365 lORDANIS

247 500 294 566 vit
321 489 430 582 ibique
459 499 600 583 aliquam
630 504 754 584 purtem
776 498 910 564 Daciam
940 498 1207 564 mediterraneam
1233 498 1431 581 Daciamque
1459 497 1620 583 ripensem
1649 496 1821 565 constituit
1851 505 1887 565 et

166 605 229 669 2¹8
247 603 444 668 Dardaniam
465 602 571 667 iunxit
581 605 616 683 ¹).
663 601 813 685 illyricus
835 609 942 667 autem
965 609 1080 667 cuncta
1103 621 1161 684 per
1181 608 1290 686 partes
1312 601 1441 685 quidem
1465 609 1497 668 et
1519 603 1663 669 membra
1680 601 1816 669 devicta
1839 601 1885 667 ad

247 725 344 771 unum
372 712 480 770 tamen
513 724 628 790 corpus
657 712 735 790 apta
764 712 830 787 est,
863 724 947 786 quae
974 704 1074 770 habet
1101 704 1186 770 intra
1216 724 1251 769 se
1280 703 1464 788 provincias
1493 723 1581 771 xvtn
1610 712 1643 772 et
1667 711 1745 771 sunt
1765 703 1885 770 Norici

247 808 321 891 duo,
346 807 530 874 Pannonias
554 806 645 888 duas,
672 807 812 889 Valeria,
839 807 976 887 Suavia,
1002 807 1183 889 Dalmatia,
1209 806 1332 871 Moesia
1354 807 1517 891 superior,
1543 807 1728 892 Dardania,
1754 807 1883 873 Daciae

214 911 338 994 ednas,
365 911 564 991 Macedonia,
591 909 773 991 Thessalia,
800 910 934 990 Achaia,
960 911 1085 994 Epyros
1107 909 1198 989 duos,
1225 910 1410 989 Praevales,
1436 910 1542 992 Creta,
1567 910 1663 976 simul
1684 912 1826 993 xvn12).

165 1019 228 1079 219
332 1014 489 1079 Thracias
518 1020 626 1078 autem
656 1033 718 1078 non
745 1013 839 1078 aliter
870 1013 934 1077 nisi
966 1013 1092 1078 occasio
1122 1012 1320 1079 Macedonici
1352 1013 1432 1079 belli
1454 1013 1541 1081 iecit
1573 1013 1765 1099 adgredere.
1815 1014 1882 1081 diri
1895 1028 1978 1071 Mt

244 1137 384 1200 namque
406 1116 552 1182 homines
575 1117 778 1200 omniumque
801 1116 944 1200 gentium
966 1116 1157 1181 ferocissimi
1178 1124 1253 1182 sunt
1274 1117 1436 1199 Thraces,
1466 1137 1600 1202 quorum
1622 1117 1793 1184 saevitiam
1817 1125 1883 1203 pa-'

245 1220 322 1286 riter
350 1219 472 1284 habent
501 1226 533 1284 et
563 1218 722 1282 Scordisci
751 1225 784 1283 et
805 1218 988 1283 Emimontii
1011 1218 1221 1301 Asticique3),
1253 1220 1293 1284 ob
1322 1239 1455 1301 quorum
1484 1219 1715 1286 immanitatem
1737 1220 1882 1286 Romani

246 1323 349 1387 multa
372 1328 404 1387 et
426 1321 540 1404 gravia
562 1321 778 1406 pertulemnt,
808 1321 991 1405 crebrisque
1021 1322 1194 1387 certatibus
1216 1322 1375 1387 exercitus
1397 1341 1523 1389 caesus.
1570 1321 1613 1388 ad
1635 1330 1837 1408 postremum
1860 1344 1883 1390 a

198 1447 227 1488 ιο
246 1426 354 1490 Marco
376 1424 472 1489 Didio
496 1431 529 1489 et
550 1424 611 1508 ipsi
635 1425 775 1506 subacti,
801 1431 833 1489 et
855 1425 926 1490 loca
948 1444 1058 1490 eorum
1080 1424 1114 1489 in
1136 1424 1331 1509 provinciam
1353 1425 1501 1508 redacta,
1526 1425 1638 1509 iugum
1660 1426 1790 1512 excepit
1811 1427 1883 1492 Ro-

166 1531 229 1594 220
247 1548 387 1593 manum.
435 1547 510 1591 nam
539 1527 666 1592 Marcus
696 1526 821 1592 Drusus
853 1527 940 1592 intus
973 1547 1029 1593 eos
1061 1527 1095 1593 in
1127 1527 1288 1593 montibus
1317 1548 1426 1593 eorum
1455 1528 1619 1611 contrivit,
1652 1528 1815 1596 Minucius
1845 1529 1882 1594 in

246 1631 332 1696 Ebro
361 1649 456 1695 amno
486 1649 594 1694 eornm
623 1630 740 1695 multos
770 1628 908 1695 extinxit
937 1637 969 1695 et
997 1629 1085 1695 vicit.
1131 1629 1298 1714 Rodopeni
1321 1650 1377 1715 per
1399 1631 1539 1716 Appium
1562 1630 1733 1698 Claudium
1756 1631 1883 1698 devicti

247 1738 321 1799 sunt
343 1739 375 1798 et
397 1731 543 1797 civitates
565 1731 743 1797 maritimas
765 1733 923 1816 Europae,
948 1752 1033 1815 quae
1055 1731 1176 1797 dudum
1199 1734 1364 1798 Romanae
1386 1732 1525 1801 inissent
1546 1741 1579 1801 et
1599 1733 1803 1818 postmodnm
1826 1753 1884 1800 rs-

165 1840 224 1901 221
246 1835 440 1916 bellassent,
474 1834 601 1899 Marcus
625 1833 776 1899 Romanis
810 1834 939 1916 subegit
965 1835 1137 1900 Lucullus:
1175 1835 1202 1899 si
1233 1834 1362 1919 quidem
1391 1836 1513 1920 primus
1543 1836 1577 1902 in
1598 1836 1738 1902 Thracia
1767 1843 1883 1903 contm

198 1959 228 1999 ra
246 1938 366 2004 Bessos
402 1957 551 2022 pugnans
586 1956 642 2001 eos
679 1936 734 2018 qui
762 1936 796 2002 in
825 1936 1009 2002 tortitudine
1038 1936 1188 2021 famaque
1216 1938 1385 2022 praeibant
1413 1937 1562 2021 devicit⁴l
1602 1938 1882 2022 Emimontiosque

245 2038 432 2121 debellans,
465 2039 672 2124 Pulpudeua,
703 2058 786 2120 quae
816 2060 902 2105 nunc
923 2039 1156 2125 Philippopolis
1167 2041 1211 2123 ⁶),
1246 2047 1279 2106 et
1309 2041 1509 2124 Vscudama,
1543 2061 1626 2124 quae
1647 2040 1882 2126 Adrianopolis

246 2142 440 2224 vocitantur,
472 2141 506 2206 in
536 2143 750 2206 Romanorum
780 2141 906 2225 redegit
926 2141 1085 2207 dominio.
1134 2142 1344 2226 similiterque
1374 2143 1505 2228 capiens
1535 2151 1568 2211 et
1596 2143 1759 2224 civitates,
1792 2164 1882 2228 quae

246 2244 331 2311 litori
359 2243 491 2310 Pontico
520 2243 726 2326 inherebant,
761 2243 797 2309 id
825 2250 875 2309 est
896 2245 1067 2329 Apollonia
1090 2244 1208 2311 Galate
1231 2245 1491 2331 Parthenopolim
1513 2246 1653 2312 Thomas
1674 2246 1776 2329 Istro,
1808 2266 1883 2312 om-

198 2369 227 2410 re
246 2347 364 2430 niaque
387 2347 458 2412 loca
481 2364 582 2429 usque
604 2345 646 2411 ad
668 2346 852 2412 Danubium
876 2346 1017 2412 subdens
1041 2347 1169 2433 Scythis
1192 2348 1332 2414 ostendit
1353 2349 1567 2414 Romanorum
1589 2348 1749 2414 virtutem.

165 2454 228 2516 222
332 2449 495 2514 Hactenus
524 2448 567 2513 ad
595 2455 703 2533 partes
733 2449 900 2515 occiduas:
942 2469 1028 2515 nunc
1056 2471 1118 2534 que
1146 2450 1179 2515 in
1210 2452 1278 2516 an
1307 2451 1407 2536 plaga
1435 2458 1508 2517 acta
1534 2457 1609 2517 sunt
1636 2468 1875 2536 percurramus.
1892 2468 1947 2510 aaa
1964 2469 1989 2510 a

246 2551 383 2636 primum
413 2550 543 2634 quidem
572 2552 606 2617 in
627 2551 709 2616 Asia
731 2552 835 2618 locum
858 2551 994 2617 Romam
1016 2552 1209 2619 hereditario
1231 2553 1301 2619 iure
1322 2554 1522 2619 invenerunt.
1568 2574 1644 2619 nam
1666 2554 1796 2621 Attalus
1817 2573 1880 2619 rex

159 2654 168 2685 ³
248 2653 461 2720 amicissimus
490 2655 600 2740 populi
622 2655 758 2720 Romani
788 2656 936 2721 humanis
966 2656 1063 2721 rebus
1093 2656 1253 2722 excedens
1275 2677 1333 2742 per
1354 2663 1579 2724 testamentum
1603 2675 1696 2724 suum
1713 2657 1882 2723 Romanos

248 2775 305 2822 suo
333 2756 368 2822 in
399 2777 498 2841 regno
524 2757 663 2824 heredes
692 2758 870 2824 constituit:
904 2778 1000 2840 quam
1028 2779 1111 2843 pene
1139 2779 1202 2823 non
1233 2767 1308 2825 ante
1331 2760 1493 2825 Romanus
1523 2761 1661 2844 populus
1683 2758 1782 2842 adiit,
1814 2759 1882 2825 nisi

198 2883 229 2926 ar
249 2867 281 2926 et
311 2880 368 2926 suo
398 2860 507 2926 labore
535 2860 641 2926 vicina
670 2862 741 2926 loca
769 2861 924 2947 cepisset,
957 2860 991 2926 id
1021 2869 1071 2927 est
1099 2862 1204 2946 Lydia
1226 2861 1323 2927 (laria
1345 2862 1526 2946 Ellispontu
1555 2869 1706 2946 utrasque
1735 2861 1880 2945 Frigias.

166 2969 229 3034 223
248 2982 321 3027 nam
344 2963 454 3028 Rodus
482 2963 705 3048 opinatissima
733 2964 841 3029 insula
870 2971 902 3029 et
931 2964 1027 3029 totius
1049 2963 1160 3030 atriae
1189 2963 1367 3029 insularum
1396 2965 1581 3049 metropolis
1607 2985 1679 3030 cum
1701 2983 1785 3049 pene
1807 2983 1882 3030 om-

247 3065 343 3131 nibus
373 3064 588 3150 Cycladibus,
629 3087 720 3131 amia
746 3066 977 3151 pertimescens
1004 3067 1166 3144 Romana,
1207 3066 1271 3132 iam
1305 3066 1427 3132 dudum
1460 3085 1497 3133 se
1530 3066 1729 3133 foederatam
1757 3067 1880 3152 populo

247 3167 297 3233 illi
326 3168 553 3233 coniuncxerat
581 3175 613 3233 et
642 3168 751 3234 nabali
781 3168 868 3234 bello
891 3168 1011 3234 solacia
1035 3168 1246 3235 condonabat.
1292 3187 1365 3234 cum
1386 3169 1503 3252 quibus
1526 3169 1682 3236 Servilius
1704 3169 1989 3254 proconsularia

248 3269 389 3335 directus
418 3270 512 3351 quasi
541 3270 673 3354 piratico
702 3271 788 3336 bello
815 3271 959 3336 obtenuit
986 3276 1095 3336 tamen
1124 3271 1366 3357 Pamphyliam,
1406 3272 1539 3357 Lyciam
1568 3273 1787 3354 Pisidiamque
1817 3270 1880 3337 de-

248 3372 324 3437 vicit
352 3371 493 3454 iecitque
522 3373 729 3456 provinciam.
775 3373 951 3438 Bithiniam
980 3394 1056 3439 vero
1086 3374 1271 3440 Nicomedis
1300 3394 1357 3439 rex
1383 3375 1523 3440 moriens
1551 3373 1768 3442 testamentali
1796 3393 1879 3440 voce

200 3502 231 3542 au
250 3474 402 3539 Romanis
425 3473 575 3557 reliquid.

335 3770 362 3815 ιι
373 3769 396 3816 r
409 3770 430 3818 u
441 3768 470 3845 n.
489 3794 525 3804 -
545 3767 612 3819 aar.
630 3784 657 3829 ρ.
672 3756 735 3817 aaut
752 3785 776 3817 v.
793 3767 826 3818 ts
844 3771 935 3820 -ntreo
953 3772 1028 3820 cerro.

336 3902 469 3973 trunxu]
493 3907 519 3965 V,
539 3907 640 3953 iuncxit
658 3905 686 3965 P,
708 3907 774 3954 luxit
793 3905 823 3966 L,
844 3908 978 3955 coniunxit
995 3908 1022 3954 H
1133 3907 1148 3956 5
1166 3909 1322 3957 macedoniae
1340 3909 1470 3957 thessalias
1489 3909 1512 3956 P
1624 3910 1637 3960 b
1657 3911 1763 3960 saeuitia
1786 3912 1813 3972 l',
1835 3928 1877 3962 ae·

248 3994 312 4040 uitia
331 3992 374 4041 PL
478 3992 667 4042 Simmanitate
687 3990 734 4040 PV
839 3991 1083 4055 id‘proulnclaPV,
1104 3994 1265 4056 proulntiaL
1371 3993 1403 4043 ta
1421 3991 1492 4061 ebro]
1509 3995 1567 4043 libri
1670 3993 1802 4064 rodopam]
1820 3998 1878 4048 libri

251 4077 282 4126 13
301 4079 404 4127 ciuitate
417 4091 476 4126 mar.
492 4075 536 4136 1¹⁰,
556 4091 617 4126 mar.
632 4079 787 4126 ciuitatesl'
890 4077 921 4128 ld
940 4079 1057 4128 thraciam
1069 4080 1150 4142 HPV,
1171 4080 1308 4129 traciamL
1415 4080 1447 4130 iti
1465 4077 1610 4149 uscudama]
1627 4069 1717 4145 ΗΜ,
1737 4097 1879 4133 uscuaama

251 4163 287 4210 P·
410 4162 438 4212 Π
459 4163 549 4221 redigit
572 4163 593 4210 V
713 4162 745 4212 ts
762 4160 856 4230 galato]
877 4165 949 4213 libri:
968 4166 1101 4227 calathum,
1121 4167 1231 4227 galatum
1249 4165 1307 4229 Ruti
1325 4165 1396 4215 libri:
1416 4168 1567 4226 inultepitar
1585 4166 1688 4216 cabade
1802 4165 1879 4237 latro]

250 4248 306 4298 libri
444 4248 478 4298 20
502 4250 574 4310 plaga
592 4243 658 4314 acta]
676 4245 752 4308 Pts,
775 4250 874 4312 plagata
891 4249 1004 4313 H1P1v,
1032 4253 1103 4314 plaga
1128 4254 1177 4300 slta
1195 4248 1238 4298 11²
1376 4250 1408 4300 2⁴1
1427 4253 1494 4310 lydia
1515 4251 1583 4312 (lidia
1603 4252 1631 4312 1.)
1652 4254 1718 4302 caria
1734 4254 1877 4317 ellesponto

253 4336 395 4396 lalliapoutu
415 4335 444 4395 P)
466 4334 558 4382 11va
663 4331 761 4400 frigiae]
779 4336 836 4384 libri
912 4402 914 4406 Ι
949 4337 981 4384 25
999 4340 1060 4386 totis
1080 4337 1102 4385 P
1204 4333 1293 4404 atriae]
1314 4328 1404 4398 llPll',
1425 4339 1492 4386 asiae
1511 4334 1571 4387 1³²1.
1687 4337 1719 4388 26
1738 4353 1766 4388 se
1784 4354 1836 4390 om.
1856 4340 1878 4388 11

249 4420 281 4471 tt
300 4416 405 4486 solacia]
423 4419 501 4482 HPV,
522 4421 619 4469 solialla
636 4418 681 4481 L‘,
703 4421 799 4469 sotialla
817 4408 851 4469 Lb
993 4423 1026 4473 28
1044 4423 1229 4486 pbamphyliam
1248 4425 1281 4483 H,
1302 4424 1464 4486 pamphiliam
1490 4423 1532 4470 Vs
1669 4425 1825 4488 paldlamqnc
1846 4426 1876 4487 L,

248 4509 431 4570 pissidiamque
455 4507 475 4554 V
599 4505 632 4555 29
650 4507 779 4568 prouincia
796 4506 837 4567 ΡΙ,
857 4509 998 4569 prouincias
1016 4505 1075 4557 P²V
1195 4506 1342 4575 bithiniam]
1360 4507 1437 4570 Pus,
1456 4510 1561 4558 bithiam
1579 4510 1607 4557 H
1729 4508 1879 4578 nicomedis]

248 4593 305 4643 libri
410 4593 557 4640 memoriane
577 4591 599 4638 P

338 4817 360 4879 l)
381 4831 427 4879 per
444 4816 610 4865 Aurelianum
634 4817 760 4865 translatis
784 4815 879 4864 exinde
898 4816 1015 4865 &manis
1039 4816 1104 4865 duaa
1122 4818 1213 4866 Daciae
1237 4819 1265 4865 iu
1289 4819 1433 4877 regionibus
1452 4815 1561 4866 Moesiae
1583 4833 1612 4865 ac
1630 4819 1771 4868 Dardanias
1796 4820 1879 4870 iactae

250 4909 311 4951 arunt
328 4902 429 4963 Rufus:
451 4902 586 4950 Daciarum
604 4901 711 4950 duorum
728 4903 850 4951 vocabalo
867 4902 897 4951 de
915 4918 960 4952 auo
977 4902 1073 4950 addidit
1092 4903 1220 4953 Iordanes.

336 4988 360 5051 ²)
380 4989 494 5037 similiter
512 4987 602 5048 Rufus,
623 4991 673 5036 nisi
691 4987 755 5049 quod
772 4980 892 5036 cocubalo
910 4990 1023 5052 superior
1043 4990 1163 5038 Dardania
1181 5005 1211 5038 ec
1229 4993 1280 5038 eiras
1297 4991 1366 5039 libris
1383 4989 1453 5038 bodie
1471 4992 1536 5037 notis
1553 4989 1703 5039 erctdcmnt.

337 5074 362 5138 3)
382 5074 560 5123 Haemimonttl
579 5074 714 5134 Astirique
737 5077 829 5134 sumpti
852 5080 908 5122 aunt
931 5088 960 5122 ee
978 5077 1111 5136 proviaciis
1130 5075 1187 5140 Rufi
1212 5090 1274 5138 quae
1292 5081 1349 5124 sant
1368 5075 1560 5124 Haemimontus
1578 5080 1601 5124 ct
1618 5075 1734 5139 Scytbia3
1761 5075 1792 5125 da
1809 5078 1880 5127 datia

250 5176 281 5210 ae
298 5163 389 5222 sopito.

336 5245 362 5303 4)
382 5245 495 5307 Europae
518 5246 656 5293 maritimas
680 5246 752 5294 urbes
777 5250 850 5294 antea
867 5247 977 5294 Romana
1000 5246 1087 5294 classis
1111 5248 1235 5295 obtinuit:
1262 5247 1360 5296 Marcus
1379 5247 1499 5295 Lucullus
1517 5260 1562 5309 per
1580 5247 1698 5296 Thracias
1715 5260 1773 5296 cum
1791 5248 1880 5297 Bassia

251 5333 349 5393 primus
367 5332 482 5380 conflixit
499 5331 592 5394 Rufras.

338 5417 362 5477 5)
384 5417 574 5478 Eumolpiadam
592 5432 656 5478 quae
675 5431 742 5464 nuria
760 5418 940 5480 Philippopolis
958 5419 1050 5467 dicitur
1067 5418 1154 5479 Rufus
1176 5419 1218 5480 [ef.
1239 5420 1365 5468 Ammton.
1387 5420 1429 5478 99,
1451 5421 1474 5481 2,
1497 5420 1521 5468 P.
1542 5419 1586 5478 tc,
1607 5420 1648 5480 10,
1669 5423 1694 5468 a.
1715 5418 1757 5479 at,
1776 5422 1803 5479 4,
1826 5420 1878 5482 rat:

251 5503 344 5553 Graeco
361 5506 458 5552 nomini
475 5503 543 5564 apud
561 5508 687 5551 auctorem
706 5506 805 5552 inarato
825 5504 944 5554 iordanes
962 5504 999 5553 bic
1018 5509 1040 5551 et
1058 5518 1079 5554 e.
1096 5506 1145 5554 983
1163 5505 1287 5554 substituit
1306 5504 1331 5552 id
1350 5503 1415 5565 qaod
1432 5503 1500 5564 apud
1518 5505 1649 5566 indiversus
1665 5503 1787 5552 obtinebat
1802 5518 1880 5566 proe-

191 5638 195 5645 ,
252 5597 316 5640 areu
333 5605 388 5641 nort
406 5590 534 5639 traditam.
