<?xml version="1.0" encoding="UTF-8"?>
<!DOCTYPE html PUBLIC "-//W3C//DTD XHTML 1.0 Transitional//EN"
    "http://www.w3.org/TR/xhtml1/DTD/xhtml1-transitional.dtd">
<html xmlns="http://www.w3.org/1999/xhtml" xml:lang="en" lang="en">
 <head>
  <title>
</title>
<meta http-equiv="Content-Type" content="text/html;charset=utf-8" />
  <meta name='ocr-system' content='tesseract 3.04.00' />
  <meta name='ocr-capabilities' content='ocr_page ocr_carea ocr_par ocr_line ocrx_word'/>
</head>
<body>
  <div class='ocr_page' id='page_1' title='image "./iordanisromanae00mommgoog/iordanisromanae00mommgoog_0073.png"; bbox 0 0 4246 6082; ppageno 0'>
   <div class='ocr_carea' id='block_1_1' title="bbox 1000 329 1229 390">
    <p class='ocr_par' dir='ltr' id='par_1_1' title="bbox 1000 329 1229 390">
     <span class='ocr_line' id='line_1_1' title="bbox 1000 329 1229 390; baseline 0.004 -2"><span class='ocrx_word' id='word_1_1' title='bbox 1000 329 1229 390; x_wconf 80' lang='lat' dir='ltr'><strong>Pacosurvu.</strong></span> 
     </span>
    </p>
   </div>
   <div class='ocr_carea' id='block_1_2' title="bbox 440 554 1928 3320">
    <p class='ocr_par' dir='ltr' id='par_1_2' title="bbox 440 554 1928 3320">
     <span class='ocr_line' id='line_1_2' title="bbox 461 554 1928 643; baseline 0 -19"><span class='ocrx_word' id='word_1_2' title='bbox 461 559 636 626; x_wconf 89' lang='lat' dir='ltr'><strong>Wandalos</strong></span> <span class='ocrx_word' id='word_1_3' title='bbox 659 580 738 642; x_wconf 91' lang='lat' dir='ltr'><strong>quos</strong></span> <span class='ocrx_word' id='word_1_4' title='bbox 760 577 844 624; x_wconf 91' lang='lat' dir='ltr'><strong>nune</strong></span> <span class='ocrx_word' id='word_1_5' title='bbox 867 557 1034 643; x_wconf 91' lang='lat' dir='ltr'><strong>appellant</strong></span> <span class='ocrx_word' id='word_1_6' title='bbox 1056 557 1228 624; x_wconf 83' lang='lat' dir='ltr'><strong>Guenedos</strong></span> <span class='ocrx_word' id='word_1_7' title='bbox 1251 562 1532 642; x_wconf 87' lang='lat' dir='ltr'><strong>attemptavemnt,</strong></span> <span class='ocrx_word' id='word_1_8' title='bbox 1566 554 1632 621; x_wconf 88' lang='lat' dir='ltr'><strong>suis</strong></span> <span class='ocrx_word' id='word_1_9' title='bbox 1662 556 1802 624; x_wconf 89' lang='lat' dir='ltr'><strong>victoriis</strong></span> <span class='ocrx_word' id='word_1_10' title='bbox 1832 555 1928 624; x_wconf 87' lang='lat' dir='ltr'><strong>lacile</strong></span> 
     </span>
     <span class='ocr_line' id='line_1_3' title="bbox 460 660 1928 749; baseline -0.003 -20"><span class='ocrx_word' id='word_1_11' title='bbox 460 665 675 749; x_wconf 75' lang='lat' dir='ltr'>applicavere.</span> <span class='ocrx_word' id='word_1_12' title='bbox 722 681 803 745; x_wconf 87' lang='lat' dir='ltr'><strong>gens</strong></span> <span class='ocrx_word' id='word_1_13' title='bbox 834 662 1026 742; x_wconf 86' lang='lat' dir='ltr'><strong>Suavorum,</strong></span> <span class='ocrx_word' id='word_1_14' title='bbox 1061 660 1095 724; x_wconf 94' lang='lat' dir='ltr'><strong>id</strong></span> <span class='ocrx_word' id='word_1_15' title='bbox 1124 670 1173 726; x_wconf 92' lang='lat' dir='ltr'><strong>est</strong></span> <span class='ocrx_word' id='word_1_16' title='bbox 1194 661 1458 741; x_wconf 81' lang='lat' dir='ltr'><strong>Alamannorum,</strong></span> <span class='ocrx_word' id='word_1_17' title='bbox 1492 660 1597 725; x_wconf 87' lang='lat' dir='ltr'><strong>Gallis</strong></span> <span class='ocrx_word' id='word_1_18' title='bbox 1626 681 1855 745; x_wconf 82' lang='lat' dir='ltr'><strong>saepenumero</strong></span> <span class='ocrx_word' id='word_1_19' title='bbox 1877 662 1928 725; x_wconf 93' lang='lat' dir='ltr'><strong>in-</strong></span> 
     </span>
     <span class='ocr_line' id='line_1_4' title="bbox 461 762 1927 849; baseline -0.002 -19"><span class='ocrx_word' id='word_1_20' title='bbox 461 767 544 832; x_wconf 91' lang='lat' dir='ltr'><strong>festa</strong></span> <span class='ocrx_word' id='word_1_21' title='bbox 567 767 692 849; x_wconf 89' lang='lat' dir='ltr'><strong>etipsa</strong></span> <span class='ocrx_word' id='word_1_22' title='bbox 714 764 818 828; x_wconf 92' lang='lat' dir='ltr'><strong>Hunis</strong></span> <span class='ocrx_word' id='word_1_23' title='bbox 845 764 943 828; x_wconf 80' lang='lat' dir='ltr'><strong>cessit</strong></span> <span class='ocrx_word' id='word_1_24' title='bbox 973 762 1150 828; x_wconf 83' lang='lat' dir='ltr'><strong>foederata.</strong></span> <span class='ocrx_word' id='word_1_25' title='bbox 1201 763 1285 846; x_wconf 93' lang='lat' dir='ltr'><strong>quod</strong></span> <span class='ocrx_word' id='word_1_26' title='bbox 1315 764 1423 829; x_wconf 92' lang='lat' dir='ltr'><strong>multis</strong></span> <span class='ocrx_word' id='word_1_27' title='bbox 1452 763 1560 846; x_wconf 88' lang='lat' dir='ltr'><strong>regnis</strong></span> <span class='ocrx_word' id='word_1_28' title='bbox 1591 769 1746 829; x_wconf 91' lang='lat' dir='ltr'><strong>terrarum</strong></span> <span class='ocrx_word' id='word_1_29' title='bbox 1776 785 1838 829; x_wconf 92' lang='lat' dir='ltr'><strong>uon</strong></span> <span class='ocrx_word' id='word_1_30' title='bbox 1867 764 1927 829; x_wconf 89' lang='lat' dir='ltr'><strong>fuit</strong></span> 
     </span>
     <span class='ocr_line' id='line_1_5' title="bbox 460 864 1926 950; baseline -0.002 -16"><span class='ocrx_word' id='word_1_31' title='bbox 460 869 502 934; x_wconf 90' lang='lat' dir='ltr'><strong>ad</strong></span> <span class='ocrx_word' id='word_1_32' title='bbox 525 869 689 933; x_wconf 90' lang='lat' dir='ltr'><strong>minimum</strong></span> <span class='ocrx_word' id='word_1_33' title='bbox 711 865 957 930; x_wconf 89' lang='lat' dir='ltr'><strong>incommodum.</strong></span> <span class='ocrx_word' id='word_1_34' title='bbox 1008 864 1087 929; x_wconf 90' lang='lat' dir='ltr'><strong>haec</strong></span> <span class='ocrx_word' id='word_1_35' title='bbox 1116 864 1204 949; x_wconf 89' lang='lat' dir='ltr'><strong>apud</strong></span> <span class='ocrx_word' id='word_1_36' title='bbox 1231 865 1343 930; x_wconf 89' lang='lat' dir='ltr'><strong>Hunos</strong></span> <span class='ocrx_word' id='word_1_37' title='bbox 1373 865 1566 948; x_wconf 81' lang='lat' dir='ltr'><strong>agebantur,</strong></span> <span class='ocrx_word' id='word_1_38' title='bbox 1599 867 1632 931; x_wconf 92' lang='grc'><strong>10</strong></span> <span class='ocrx_word' id='word_1_39' title='bbox 1662 874 1814 950; x_wconf 90' lang='lat' dir='ltr'><strong>quantum</strong></span> <span class='ocrx_word' id='word_1_40' title='bbox 1844 867 1926 932; x_wconf 88' lang='lat' dir='ltr'><strong>fides</strong></span> 
     </span>
     <span class='ocr_line' id='line_1_6' title="bbox 460 968 1927 1055; baseline -0.001 -18"><span class='ocrx_word' id='word_1_41' title='bbox 460 972 672 1055; x_wconf 77' lang='lat' dir='ltr'><strong>hysmriarum</strong></span> <span class='ocrx_word' id='word_1_42' title='bbox 689 979 739 1035; x_wconf 91' lang='lat' dir='ltr'><strong>est</strong></span> <span class='ocrx_word' id='word_1_43' title='bbox 753 968 923 1050; x_wconf 90' lang='lat' dir='ltr'><strong>credenda,</strong></span> <span class='ocrx_word' id='word_1_44' title='bbox 949 968 1145 1052; x_wconf 89' lang='lat' dir='ltr'><strong>temporibus</strong></span> <span class='ocrx_word' id='word_1_45' title='bbox 1160 968 1352 1051; x_wconf 87' lang='lat' dir='ltr'><strong>Vespasiani</strong></span> <span class='ocrx_word' id='word_1_46' title='bbox 1367 968 1567 1053; x_wconf 88' lang='lat' dir='ltr'><strong>filiorumque</strong></span> <span class='ocrx_word' id='word_1_47' title='bbox 1583 971 1652 1036; x_wconf 92' lang='lat' dir='ltr'><strong>eius</strong></span> <span class='ocrx_word' id='word_1_48' title='bbox 1668 971 1733 1036; x_wconf 80' lang='lat' dir='ltr'><strong>&#39;liti</strong></span> <span class='ocrx_word' id='word_1_49' title='bbox 1748 978 1844 1053; x_wconf 88' lang='lat' dir='ltr'><strong>atque</strong></span> <span class='ocrx_word' id='word_1_50' title='bbox 1860 970 1927 1035; x_wconf 88' lang='lat' dir='ltr'><strong>Do-</strong></span> 
     </span>
     <span class='ocr_line' id='line_1_7' title="bbox 460 1071 1926 1158; baseline -0.002 -18"><span class='ocrx_word' id='word_1_51' title='bbox 460 1073 675 1158; x_wconf 66' lang='grc' dir='ltr'><strong>01110010οἰ</strong></span> <span class='ocrx_word' id='word_1_52' title='bbox 699 1073 861 1137; x_wconf 85' lang='lat' dir='ltr'><strong>Sarmatas</strong></span> <span class='ocrx_word' id='word_1_53' title='bbox 884 1079 979 1153; x_wconf 90' lang='lat' dir='ltr'><strong>atque</strong></span> <span class='ocrx_word' id='word_1_54' title='bbox 995 1071 1099 1136; x_wconf 89' lang='lat' dir='ltr'><strong>Dacos</strong></span> <span class='ocrx_word' id='word_1_55' title='bbox 1122 1071 1270 1145; x_wconf 91' lang='lat' dir='ltr'><strong>evincere</strong></span> <span class='ocrx_word' id='word_1_56' title='bbox 1293 1071 1470 1137; x_wconf 86' lang='lat' dir='ltr'><strong>laborabat.</strong></span> <span class='ocrx_word' id='word_1_57' title='bbox 1510 1073 1674 1138; x_wconf 88' lang='lat' dir='ltr'><strong>enimvero</strong></span> <span class='ocrx_word' id='word_1_58' title='bbox 1697 1073 1818 1157; x_wconf 89' lang='lat' dir='ltr'><strong>elapsis</strong></span> <span class='ocrx_word' id='word_1_59' title='bbox 1832 1074 1926 1139; x_wconf 92' lang='lat' dir='ltr'><strong>aunis</strong></span> 
     </span>
     <span class='ocr_line' id='line_1_8' title="bbox 461 1173 1926 1263; baseline -0.001 -21"><span class='ocrx_word' id='word_1_60' title='bbox 461 1195 523 1242; x_wconf 89' lang='lat' dir='ltr'><strong>oco</strong></span> <span class='ocrx_word' id='word_1_61' title='bbox 545 1178 641 1263; x_wconf 93' lang='lat' dir='ltr'><strong>paulo</strong></span> <span class='ocrx_word' id='word_1_62' title='bbox 663 1175 819 1259; x_wconf 91' lang='lat' dir='ltr'><strong>amplius,</strong></span> <span class='ocrx_word' id='word_1_63' title='bbox 847 1173 918 1239; x_wconf 92' lang='lat' dir='ltr'><strong>dico</strong></span> <span class='ocrx_word' id='word_1_64' title='bbox 940 1182 1046 1239; x_wconf 91' lang='lat' dir='ltr'><strong>autem</strong></span> <span class='ocrx_word' id='word_1_65' title='bbox 1069 1174 1193 1258; x_wconf 91' lang='lat' dir='ltr'><strong>imperii</strong></span> <span class='ocrx_word' id='word_1_66' title='bbox 1217 1174 1390 1240; x_wconf 84' lang='lat' dir='ltr'><strong>Theodosii</strong></span> <span class='ocrx_word' id='word_1_67' title='bbox 1412 1175 1544 1240; x_wconf 93' lang='lat' dir='ltr'><strong>iunioris</strong></span> <span class='ocrx_word' id='word_1_68' title='bbox 1567 1183 1599 1242; x_wconf 91' lang='lat' dir='ltr'><strong>et</strong></span> <span class='ocrx_word' id='word_1_69' title='bbox 1620 1176 1773 1241; x_wconf 91' lang='lat' dir='ltr'><strong>Archadii</strong></span> <span class='ocrx_word' id='word_1_70' title='bbox 1795 1176 1926 1241; x_wconf 89' lang='lat' dir='ltr'><strong>Honorii</strong></span> 
     </span>
     <span class='ocr_line' id='line_1_9' title="bbox 440 1277 1924 1371; baseline 0 -28"><span class='ocrx_word' id='word_1_71' title='bbox 440 1280 526 1371; x_wconf 70' lang='lat' dir='ltr'><strong>=lilio</strong></span> <span class='ocrx_word' id='word_1_72' title='bbox 553 1281 631 1363; x_wconf 80' lang='grc'><strong>(00],</strong></span> <span class='ocrx_word' id='word_1_73' title='bbox 658 1278 733 1343; x_wconf 92' lang='lat' dir='ltr'><strong>dum</strong></span> <span class='ocrx_word' id='word_1_74' title='bbox 756 1277 959 1341; x_wconf 77' lang='lat' dir='ltr'><strong>Innocentius</strong></span> <span class='ocrx_word' id='word_1_75' title='bbox 981 1298 1067 1361; x_wconf 90' lang='lat' dir='ltr'><strong>papa</strong></span> <span class='ocrx_word' id='word_1_76' title='bbox 1088 1297 1202 1341; x_wconf 92' lang='lat' dir='ltr'><strong>nomen</strong></span> <span class='ocrx_word' id='word_1_77' title='bbox 1226 1277 1347 1342; x_wconf 92' lang='lat' dir='ltr'><strong>meritis</strong></span> <span class='ocrx_word' id='word_1_78' title='bbox 1370 1277 1520 1343; x_wconf 78' lang='grc'><strong>00100000</strong></span> <span class='ocrx_word' id='word_1_79' title='bbox 1543 1279 1613 1344; x_wconf 88' lang='lat' dir='ltr'><strong>sedi</strong></span> <span class='ocrx_word' id='word_1_80' title='bbox 1628 1280 1793 1344; x_wconf 86' lang='lat' dir='ltr'><strong>Romanae</strong></span> <span class='ocrx_word' id='word_1_81' title='bbox 1815 1300 1924 1344; x_wconf 91' lang='lat' dir='ltr'><strong>curam</strong></span> 
     </span>
     <span class='ocr_line' id='line_1_10' title="bbox 459 1379 1924 1465; baseline -0.001 -17"><span class='ocrx_word' id='word_1_82' title='bbox 459 1382 712 1456; x_wconf 77' lang='lat' dir='ltr'><strong>administrabat,</strong></span> <span class='ocrx_word' id='word_1_83' title='bbox 739 1379 847 1444; x_wconf 89' lang='lat' dir='ltr'><strong>Gallia</strong></span> <span class='ocrx_word' id='word_1_84' title='bbox 869 1399 890 1443; x_wconf 98' lang='grc'><strong>0</strong></span> <span class='ocrx_word' id='word_1_85' title='bbox 905 1379 965 1444; x_wconf 93' lang='lat' dir='ltr'><strong>deo</strong></span> <span class='ocrx_word' id='word_1_86' title='bbox 980 1379 1104 1460; x_wconf 91' lang='lat' dir='ltr'><strong>relicta,</strong></span> <span class='ocrx_word' id='word_1_87' title='bbox 1130 1379 1205 1461; x_wconf 92' lang='lat' dir='ltr'><strong>quia</strong></span> <span class='ocrx_word' id='word_1_88' title='bbox 1219 1380 1359 1464; x_wconf 91' lang='lat' dir='ltr'><strong>pondere</strong></span> <span class='ocrx_word' id='word_1_89' title='bbox 1374 1388 1574 1465; x_wconf 91' lang='lat' dir='ltr'><strong>peccatorum</strong></span> <span class='ocrx_word' id='word_1_90' title='bbox 1591 1388 1770 1465; x_wconf 89' lang='lat' dir='ltr'><strong>aggravata</strong></span> <span class='ocrx_word' id='word_1_91' title='bbox 1785 1388 1924 1464; x_wconf 89' lang='lat' dir='ltr'><strong>stragem</strong></span> 
     </span>
     <span class='ocr_line' id='line_1_11' title="bbox 459 1482 1925 1570; baseline -0.001 -19"><span class='ocrx_word' id='word_1_92' title='bbox 459 1486 569 1570; x_wconf 91' lang='lat' dir='ltr'><strong>populi</strong></span> <span class='ocrx_word' id='word_1_93' title='bbox 592 1485 641 1549; x_wconf 91' lang='lat' dir='ltr'><strong>sui</strong></span> <span class='ocrx_word' id='word_1_94' title='bbox 664 1483 810 1548; x_wconf 89' lang='lat' dir='ltr'><strong>solvebat</strong></span> <span class='ocrx_word' id='word_1_95' title='bbox 831 1488 955 1562; x_wconf 90' lang='lat' dir='ltr'><strong>coacta,</strong></span> <span class='ocrx_word' id='word_1_96' title='bbox 989 1503 1050 1546; x_wconf 91' lang='lat' dir='ltr'><strong>uon</strong></span> <span class='ocrx_word' id='word_1_97' title='bbox 1080 1482 1163 1547; x_wconf 91' lang='lat' dir='ltr'><strong>hanc</strong></span> <span class='ocrx_word' id='word_1_98' title='bbox 1192 1482 1350 1547; x_wconf 89' lang='lat' dir='ltr'><strong>lulianam</strong></span> <span class='ocrx_word' id='word_1_99' title='bbox 1380 1504 1484 1567; x_wconf 91' lang='lat' dir='ltr'><strong>neque</strong></span> <span class='ocrx_word' id='word_1_100' title='bbox 1507 1485 1746 1550; x_wconf 90' lang='lat' dir='ltr'><strong>Alemannicam</strong></span> <span class='ocrx_word' id='word_1_101' title='bbox 1770 1505 1925 1569; x_wconf 88' lang='lat' dir='ltr'><strong>coequare</strong></span> 
     </span>
     <span class='ocr_line' id='line_1_12' title="bbox 458 1585 1925 1674; baseline -0.001 -18"><span class='ocrx_word' id='word_1_102' title='bbox 458 1590 560 1674; x_wconf 90' lang='lat' dir='ltr'><strong>potuit</strong></span> <span class='ocrx_word' id='word_1_103' title='bbox 575 1587 769 1654; x_wconf 88' lang='lat' dir='ltr'><strong>mortiferam</strong></span> <span class='ocrx_word' id='word_1_104' title='bbox 786 1586 917 1666; x_wconf 90' lang='lat' dir='ltr'><strong>rabiem,</strong></span> <span class='ocrx_word' id='word_1_105' title='bbox 943 1586 1092 1668; x_wconf 92' lang='lat' dir='ltr'><strong>quoniam</strong></span> <span class='ocrx_word' id='word_1_106' title='bbox 1116 1585 1197 1650; x_wconf 91' lang='lat' dir='ltr'><strong>haec</strong></span> <span class='ocrx_word' id='word_1_107' title='bbox 1218 1593 1337 1668; x_wconf 89' lang='lat' dir='ltr'><strong>quanto</strong></span> <span class='ocrx_word' id='word_1_108' title='bbox 1359 1588 1546 1671; x_wconf 89' lang='lat' dir='ltr'><strong>populorum</strong></span> <span class='ocrx_word' id='word_1_109' title='bbox 1569 1588 1795 1654; x_wconf 88' lang='lat' dir='ltr'><strong>numerositate</strong></span> <span class='ocrx_word' id='word_1_110' title='bbox 1817 1589 1925 1654; x_wconf 93' lang='lat' dir='ltr'><strong>multi-</strong></span> 
     </span>
     <span class='ocr_line' id='line_1_13' title="bbox 459 1688 1924 1777; baseline -0.001 -19"><span class='ocrx_word' id='word_1_111' title='bbox 459 1693 580 1777; x_wconf 91' lang='lat' dir='ltr'><strong>plicior,</strong></span> <span class='ocrx_word' id='word_1_112' title='bbox 606 1698 695 1756; x_wconf 90' lang='lat' dir='ltr'><strong>tauto</strong></span> <span class='ocrx_word' id='word_1_113' title='bbox 718 1689 876 1772; x_wconf 86' lang='lat' dir='ltr'><strong>grandine</strong></span> <span class='ocrx_word' id='word_1_114' title='bbox 898 1695 931 1754; x_wconf 89' lang='lat' dir='ltr'><strong>et</strong></span> <span class='ocrx_word' id='word_1_115' title='bbox 951 1688 1089 1773; x_wconf 86' lang='lat' dir='ltr'><strong>pernitie</strong></span> <span class='ocrx_word' id='word_1_116' title='bbox 1111 1689 1277 1753; x_wconf 86' lang='lat' dir='ltr'><strong>inmanior.</strong></span> <span class='ocrx_word' id='word_1_117' title='bbox 1318 1689 1346 1753; x_wconf 92' lang='lat' dir='ltr'><strong>is</strong></span> <span class='ocrx_word' id='word_1_118' title='bbox 1368 1710 1505 1774; x_wconf 92' lang='lat' dir='ltr'><strong>namque</strong></span> <span class='ocrx_word' id='word_1_119' title='bbox 1521 1691 1622 1756; x_wconf 81' lang='lat' dir='ltr'><strong>Attila</strong></span> <span class='ocrx_word' id='word_1_120' title='bbox 1637 1691 1805 1775; x_wconf 88' lang='lat' dir='ltr'><strong>Scytarum</strong></span> <span class='ocrx_word' id='word_1_121' title='bbox 1827 1698 1924 1774; x_wconf 90' lang='lat' dir='ltr'><strong>atque</strong></span> 
     </span>
     <span class='ocr_line' id='line_1_14' title="bbox 457 1791 1921 1880; baseline 0 -21"><span class='ocrx_word' id='word_1_122' title='bbox 457 1797 621 1861; x_wconf 91' lang='lat' dir='ltr'><strong>Hunorum</strong></span> <span class='ocrx_word' id='word_1_123' title='bbox 652 1793 815 1874; x_wconf 92' lang='lat' dir='ltr'><strong>dominus,</strong></span> <span class='ocrx_word' id='word_1_124' title='bbox 850 1791 981 1856; x_wconf 89' lang='lat' dir='ltr'><strong>calicem</strong></span> <span class='ocrx_word' id='word_1_125' title='bbox 1011 1791 1079 1856; x_wconf 89' lang='lat' dir='ltr'><strong>irae</strong></span> <span class='ocrx_word' id='word_1_126' title='bbox 1108 1791 1285 1874; x_wconf 89' lang='lat' dir='ltr'><strong>furorisque</strong></span> <span class='ocrx_word' id='word_1_127' title='bbox 1306 1791 1382 1856; x_wconf 88' lang='lat' dir='ltr'><strong>iusti</strong></span> <span class='ocrx_word' id='word_1_128' title='bbox 1405 1792 1513 1858; x_wconf 92' lang='lat' dir='ltr'><strong>iudicii</strong></span> <span class='ocrx_word' id='word_1_129' title='bbox 1537 1793 1761 1878; x_wconf 88' lang='lat' dir='ltr'><strong>propinaturus</strong></span> <span class='ocrx_word' id='word_1_130' title='bbox 1783 1796 1921 1880; x_wconf 92' lang='lat' dir='ltr'><strong>populis,</strong></span> 
     </span>
     <span class='ocr_line' id='line_1_15' title="bbox 455 1894 1923 1976; baseline -0.001 -12"><span class='ocrx_word' id='word_1_131' title='bbox 455 1899 554 1964; x_wconf 91' lang='lat' dir='ltr'><strong>tantis</strong></span> <span class='ocrx_word' id='word_1_132' title='bbox 577 1917 685 1963; x_wconf 91' lang='lat' dir='ltr'><strong>secum</strong></span> <span class='ocrx_word' id='word_1_133' title='bbox 708 1894 838 1961; x_wconf 91' lang='lat' dir='ltr'><strong>sociatis</strong></span> <span class='ocrx_word' id='word_1_134' title='bbox 861 1895 1028 1976; x_wconf 91' lang='lat' dir='ltr'><strong>gentibus,</strong></span> <span class='ocrx_word' id='word_1_135' title='bbox 1061 1914 1124 1975; x_wconf 93' lang='lat' dir='ltr'><strong>quo</strong></span> <span class='ocrx_word' id='word_1_136' title='bbox 1146 1894 1201 1958; x_wconf 90' lang='lat' dir='ltr'><strong>via</strong></span> <span class='ocrx_word' id='word_1_137' title='bbox 1223 1894 1372 1976; x_wconf 89' lang='lat' dir='ltr'><strong>contulit,</strong></span> <span class='ocrx_word' id='word_1_138' title='bbox 1405 1895 1532 1960; x_wconf 88' lang='lat' dir='ltr'><strong>vivifica</strong></span> <span class='ocrx_word' id='word_1_139' title='bbox 1554 1896 1673 1961; x_wconf 79' lang='lat' dir='ltr'><strong>Christi</strong></span> <span class='ocrx_word' id='word_1_140' title='bbox 1695 1897 1923 1962; x_wconf 77' lang='lat' dir='ltr'><strong>aecclesiarum</strong></span> 
     </span>
     <span class='ocr_line' id='line_1_16' title="bbox 456 1996 1924 2086; baseline -0.001 -20"><span class='ocrx_word' id='word_1_141' title='bbox 456 2002 609 2086; x_wconf 89' lang='lat' dir='ltr'><strong>mysteria</strong></span> <span class='ocrx_word' id='word_1_142' title='bbox 636 1999 825 2083; x_wconf 89' lang='lat' dir='ltr'><strong>dissipavit,</strong></span> <span class='ocrx_word' id='word_1_143' title='bbox 859 2005 963 2062; x_wconf 89' lang='lat' dir='ltr'><strong>castra</strong></span> <span class='ocrx_word' id='word_1_144' title='bbox 992 2003 1024 2062; x_wconf 88' lang='lat' dir='ltr'><strong>et</strong></span> <span class='ocrx_word' id='word_1_145' title='bbox 1053 1997 1200 2062; x_wconf 89' lang='lat' dir='ltr'><strong>civitates</strong></span> <span class='ocrx_word' id='word_1_146' title='bbox 1223 1996 1463 2063; x_wconf 84' lang='lat' dir='ltr'><strong>Christianitate</strong></span> <span class='ocrx_word' id='word_1_147' title='bbox 1486 1998 1631 2064; x_wconf 85' lang='lat' dir='ltr'><strong>viduavit</strong></span> <span class='ocrx_word' id='word_1_148' title='bbox 1651 2006 1683 2064; x_wconf 91' lang='lat' dir='ltr'><strong>ot</strong></span> <span class='ocrx_word' id='word_1_149' title='bbox 1705 1999 1759 2064; x_wconf 95' lang='lat' dir='ltr'><strong>ubi</strong></span> <span class='ocrx_word' id='word_1_150' title='bbox 1782 2007 1853 2085; x_wconf 89' lang='lat' dir='ltr'><strong>post</strong></span> <span class='ocrx_word' id='word_1_151' title='bbox 1875 2000 1924 2065; x_wconf 91' lang='lat' dir='ltr'><strong>la-</strong></span> 
     </span>
     <span class='ocr_line' id='line_1_17' title="bbox 456 2099 1924 2187; baseline -0.001 -18"><span class='ocrx_word' id='word_1_152' title='bbox 456 2105 647 2171; x_wconf 88' lang='lat' dir='ltr'><strong>mentabiles</strong></span> <span class='ocrx_word' id='word_1_153' title='bbox 677 2101 929 2167; x_wconf 80' lang='lat' dir='ltr'><strong>Christianorum</strong></span> <span class='ocrx_word' id='word_1_154' title='bbox 959 2099 1055 2165; x_wconf 88' lang='lat' dir='ltr'><strong>cedes</strong></span> <span class='ocrx_word' id='word_1_155' title='bbox 1084 2100 1227 2165; x_wconf 91' lang='lat' dir='ltr'><strong>Parisius</strong></span> <span class='ocrx_word' id='word_1_156' title='bbox 1259 2100 1351 2182; x_wconf 91' lang='lat' dir='ltr'><strong>gravi</strong></span> <span class='ocrx_word' id='word_1_157' title='bbox 1384 2102 1590 2166; x_wconf 90' lang='lat' dir='ltr'><strong>barbarorum</strong></span> <span class='ocrx_word' id='word_1_158' title='bbox 1626 2103 1735 2168; x_wconf 91' lang='lat' dir='ltr'><strong>labore</strong></span> <span class='ocrx_word' id='word_1_159' title='bbox 1769 2122 1924 2187; x_wconf 88' lang='lat' dir='ltr'><strong>oppressa</strong></span> 
     </span>
     <span class='ocr_line' id='line_1_18' title="bbox 457 2203 1923 2289; baseline -0.001 -17"><span class='ocrx_word' id='word_1_160' title='bbox 457 2209 634 2289; x_wconf 86' lang='lat' dir='ltr'><strong>succubuit,</strong></span> <span class='ocrx_word' id='word_1_161' title='bbox 660 2207 906 2288; x_wconf 89' lang='lat' dir='ltr'><strong>circumquaque</strong></span> <span class='ocrx_word' id='word_1_162' title='bbox 928 2203 1062 2268; x_wconf 87' lang='lat' dir='ltr'><strong>vastatis</strong></span> <span class='ocrx_word' id='word_1_163' title='bbox 1077 2203 1260 2268; x_wconf 79' lang='lat' dir='ltr'><strong>Aurelianis</strong></span> <span class='ocrx_word' id='word_1_164' title='bbox 1282 2203 1422 2269; x_wconf 90' lang='lat' dir='ltr'><strong>tenditur</strong></span> <span class='ocrx_word' id='word_1_165' title='bbox 1437 2204 1571 2289; x_wconf 90' lang='lat' dir='ltr'><strong>ipsaque</strong></span> <span class='ocrx_word' id='word_1_166' title='bbox 1586 2206 1769 2289; x_wconf 84' lang='lat' dir='ltr'><strong>agminibus</strong></span> <span class='ocrx_word' id='word_1_167' title='bbox 1786 2206 1923 2271; x_wconf 92' lang='lat' dir='ltr'><strong>hostium</strong></span> 
     </span>
     <span class='ocr_line' id='line_1_19' title="bbox 456 2306 1923 2393; baseline -0.001 -17"><span class='ocrx_word' id='word_1_168' title='bbox 456 2309 695 2376; x_wconf 89' lang='lat' dir='ltr'><strong>circumvallata</strong></span> <span class='ocrx_word' id='word_1_169' title='bbox 717 2308 931 2393; x_wconf 90' lang='lat' dir='ltr'><strong>perturbatur.</strong></span> <span class='ocrx_word' id='word_1_170' title='bbox 979 2306 1038 2371; x_wconf 91' lang='lat' dir='ltr'><strong>sed</strong></span> <span class='ocrx_word' id='word_1_171' title='bbox 1058 2306 1141 2371; x_wconf 91' lang='lat' dir='ltr'><strong>inter</strong></span> <span class='ocrx_word' id='word_1_172' title='bbox 1163 2306 1322 2389; x_wconf 90' lang='lat' dir='ltr'><strong>agendum</strong></span> <span class='ocrx_word' id='word_1_173' title='bbox 1345 2307 1493 2390; x_wconf 87' lang='lat' dir='ltr'><strong>precibus</strong></span> <span class='ocrx_word' id='word_1_174' title='bbox 1523 2309 1609 2375; x_wconf 90' lang='lat' dir='ltr'><strong>beati</strong></span> <span class='ocrx_word' id='word_1_175' title='bbox 1632 2310 1747 2375; x_wconf 90' lang='lat' dir='ltr'><strong>Auiani</strong></span> <span class='ocrx_word' id='word_1_176' title='bbox 1778 2310 1923 2375; x_wconf 91' lang='lat' dir='ltr'><strong>eiusdem</strong></span> 
     </span>
     <span class='ocr_line' id='line_1_20' title="bbox 457 2409 1923 2497; baseline -0.001 -18"><span class='ocrx_word' id='word_1_177' title='bbox 457 2414 543 2479; x_wconf 92' lang='lat' dir='ltr'><strong>urbis</strong></span> <span class='ocrx_word' id='word_1_178' title='bbox 566 2411 708 2497; x_wconf 91' lang='lat' dir='ltr'><strong>episcopi</strong></span> <span class='ocrx_word' id='word_1_179' title='bbox 729 2410 770 2475; x_wconf 88' lang='lat' dir='ltr'><strong>ab</strong></span> <span class='ocrx_word' id='word_1_180' title='bbox 793 2410 865 2476; x_wconf 83' lang='lat' dir='ltr'><strong>Etio</strong></span> <span class='ocrx_word' id='word_1_181' title='bbox 880 2410 1094 2474; x_wconf 87' lang='lat' dir='ltr'><strong>Romanorum</strong></span> <span class='ocrx_word' id='word_1_182' title='bbox 1116 2409 1244 2494; x_wconf 89' lang='lat' dir='ltr'><strong>patritio</strong></span> <span class='ocrx_word' id='word_1_183' title='bbox 1259 2409 1461 2491; x_wconf 87' lang='lat' dir='ltr'><strong>affabilitate,</strong></span> <span class='ocrx_word' id='word_1_184' title='bbox 1487 2411 1656 2495; x_wconf 91' lang='lat' dir='ltr'><strong>prudentia</strong></span> <span class='ocrx_word' id='word_1_185' title='bbox 1678 2420 1711 2478; x_wconf 91' lang='grc'><strong>01</strong></span> <span class='ocrx_word' id='word_1_186' title='bbox 1732 2412 1809 2477; x_wconf 84' lang='grc'><strong>00111</strong></span> <span class='ocrx_word' id='word_1_187' title='bbox 1833 2412 1923 2478; x_wconf 84' lang='lat' dir='ltr'><strong>lorti-</strong></span> 
     </span>
     <span class='ocr_line' id='line_1_21' title="bbox 455 2511 1923 2600; baseline -0.001 -19"><span class='ocrx_word' id='word_1_188' title='bbox 455 2515 564 2582; x_wconf 91' lang='lat' dir='ltr'><strong>tudine</strong></span> <span class='ocrx_word' id='word_1_189' title='bbox 587 2515 722 2600; x_wconf 89' lang='lat' dir='ltr'><strong>optimo,</strong></span> <span class='ocrx_word' id='word_1_190' title='bbox 754 2513 806 2595; x_wconf 93' lang='lat' dir='ltr'><strong>qui</strong></span> <span class='ocrx_word' id='word_1_191' title='bbox 830 2521 898 2578; x_wconf 90' lang='lat' dir='ltr'><strong>erat</strong></span> <span class='ocrx_word' id='word_1_192' title='bbox 920 2533 959 2578; x_wconf 81' lang='lat' dir='ltr'><strong>ex</strong></span> <span class='ocrx_word' id='word_1_193' title='bbox 989 2512 1085 2577; x_wconf 89' lang='lat' dir='ltr'><strong>Italia</strong></span> <span class='ocrx_word' id='word_1_194' title='bbox 1114 2520 1205 2596; x_wconf 88' lang='lat' dir='ltr'><strong>patre</strong></span> <span class='ocrx_word' id='word_1_195' title='bbox 1235 2511 1544 2595; x_wconf 85' lang='lat' dir='ltr'><strong>natusGaudentio,</strong></span> <span class='ocrx_word' id='word_1_196' title='bbox 1579 2515 1762 2580; x_wconf 89' lang='lat' dir='ltr'><strong>occurritur.</strong></span> <span class='ocrx_word' id='word_1_197' title='bbox 1809 2516 1860 2580; x_wconf 91' lang='lat' dir='ltr'><strong>cui</strong></span> <span class='ocrx_word' id='word_1_198' title='bbox 1888 2516 1923 2580; x_wconf 93' lang='lat' dir='ltr'><strong>in</strong></span> 
     </span>
     <span class='ocr_line' id='line_1_22' title="bbox 455 2615 1919 2702; baseline -0.003 -17"><span class='ocrx_word' id='word_1_199' title='bbox 455 2619 575 2685; x_wconf 84' lang='lat' dir='ltr'><strong>auxilio</strong></span> <span class='ocrx_word' id='word_1_200' title='bbox 597 2618 757 2682; x_wconf 85' lang='lat' dir='ltr'><strong>affuerunt</strong></span> <span class='ocrx_word' id='word_1_201' title='bbox 783 2616 864 2682; x_wconf 91' lang='lat' dir='ltr'><strong>duce</strong></span> <span class='ocrx_word' id='word_1_202' title='bbox 892 2636 970 2699; x_wconf 90' lang='lat' dir='ltr'><strong>rege</strong></span> <span class='ocrx_word' id='word_1_203' title='bbox 999 2615 1196 2680; x_wconf 84' lang='lat' dir='ltr'><strong>Theoderico</strong></span> <span class='ocrx_word' id='word_1_204' title='bbox 1225 2624 1258 2681; x_wconf 92' lang='lat' dir='ltr'><strong>et</strong></span> <span class='ocrx_word' id='word_1_205' title='bbox 1286 2615 1351 2680; x_wconf 90' lang='lat' dir='ltr'><strong>lilio</strong></span> <span class='ocrx_word' id='word_1_206' title='bbox 1381 2616 1449 2681; x_wconf 92' lang='lat' dir='ltr'><strong>eius</strong></span> <span class='ocrx_word' id='word_1_207' title='bbox 1479 2617 1690 2683; x_wconf 83' lang='lat' dir='ltr'><strong>Torismundo</strong></span> <span class='ocrx_word' id='word_1_208' title='bbox 1717 2617 1830 2700; x_wconf 86' lang='lat' dir='ltr'><strong>Gothi,</strong></span> <span class='ocrx_word' id='word_1_209' title='bbox 1868 2621 1919 2702; x_wconf 78' lang='lat' dir='ltr'><strong>(os.</strong></span> 
     </span>
     <span class='ocr_line' id='line_1_23' title="bbox 452 2717 1916 2813; baseline 0 -28"><span class='ocrx_word' id='word_1_210' title='bbox 452 2745 485 2805; x_wconf 84' lang='lat' dir='ltr'><strong>p.</strong></span> <span class='ocrx_word' id='word_1_211' title='bbox 513 2725 584 2804; x_wconf 90' lang='grc'><strong>108,</strong></span> <span class='ocrx_word' id='word_1_212' title='bbox 612 2721 641 2805; x_wconf 85' lang='grc'><strong>3(</strong></span> <span class='ocrx_word' id='word_1_213' title='bbox 667 2720 702 2784; x_wconf 91' lang='lat' dir='ltr'><strong>id</strong></span> <span class='ocrx_word' id='word_1_214' title='bbox 725 2726 774 2784; x_wconf 91' lang='lat' dir='ltr'><strong>est</strong></span> <span class='ocrx_word' id='word_1_215' title='bbox 795 2718 1015 2803; x_wconf 87' lang='lat' dir='ltr'><strong>Lougobardi,</strong></span> <span class='ocrx_word' id='word_1_216' title='bbox 1049 2717 1182 2802; x_wconf 85' lang='lat' dir='ltr'><strong>Franci,</strong></span> <span class='ocrx_word' id='word_1_217' title='bbox 1215 2718 1478 2802; x_wconf 86' lang='lat' dir='ltr'><strong>Burgundiones,</strong></span> <span class='ocrx_word' id='word_1_218' title='bbox 1504 2720 1678 2813; x_wconf 82' lang='lat' dir='ltr'><strong>Sarmata,</strong></span> <span class='ocrx_word' id='word_1_219' title='bbox 1694 2721 1916 2803; x_wconf 90' lang='lat' dir='ltr'><strong>Armoriciani,</strong></span> 
     </span>
     <span class='ocr_line' id='line_1_24' title="bbox 455 2811 1922 2909; baseline -0.001 -19"><span class='ocrx_word' id='word_1_220' title='bbox 455 2811 617 2909; x_wconf 87' lang='lat' dir='ltr'><strong>Litigiani,</strong></span> <span class='ocrx_word' id='word_1_221' title='bbox 643 2821 775 2904; x_wconf 86' lang='lat' dir='ltr'><strong>Ribarii,</strong></span> <span class='ocrx_word' id='word_1_222' title='bbox 802 2822 993 2904; x_wconf 91' lang='lat' dir='ltr'><strong>Olibrioues,</strong></span> <span class='ocrx_word' id='word_1_223' title='bbox 1019 2822 1155 2887; x_wconf 89' lang='lat' dir='ltr'><strong>Romani</strong></span> <span class='ocrx_word' id='word_1_224' title='bbox 1178 2822 1337 2905; x_wconf 90' lang='lat' dir='ltr'><strong>quondam</strong></span> <span class='ocrx_word' id='word_1_225' title='bbox 1361 2823 1489 2889; x_wconf 87' lang='lat' dir='ltr'><strong>milites.</strong></span> <span class='ocrx_word' id='word_1_226' title='bbox 1537 2825 1637 2889; x_wconf 90' lang='lat' dir='ltr'><strong>Attila</strong></span> <span class='ocrx_word' id='word_1_227' title='bbox 1659 2825 1783 2890; x_wconf 85' lang='lat' dir='ltr'><strong>excitus</strong></span> <span class='ocrx_word' id='word_1_228' title='bbox 1804 2826 1922 2889; x_wconf 87' lang='lat' dir='ltr'><strong>Roma-</strong></span> 
     </span>
     <span class='ocr_line' id='line_1_25' title="bbox 453 2925 1922 3007; baseline -0.001 -13"><span class='ocrx_word' id='word_1_229' title='bbox 453 2949 563 2994; x_wconf 90' lang='lat' dir='ltr'><strong>norum</strong></span> <span class='ocrx_word' id='word_1_230' title='bbox 587 2927 674 2992; x_wconf 88' lang='lat' dir='ltr'><strong>fama</strong></span> <span class='ocrx_word' id='word_1_231' title='bbox 696 2927 737 2991; x_wconf 97' lang='lat' dir='ltr'><strong>ab</strong></span> <span class='ocrx_word' id='word_1_232' title='bbox 752 2925 936 2990; x_wconf 90' lang='lat' dir='ltr'><strong>Aurelianis</strong></span> <span class='ocrx_word' id='word_1_233' title='bbox 958 2927 1100 3007; x_wconf 87' lang='lat' dir='ltr'><strong>recessit,</strong></span> <span class='ocrx_word' id='word_1_234' title='bbox 1126 2926 1245 2990; x_wconf 91' lang='lat' dir='ltr'><strong>bellum</strong></span> <span class='ocrx_word' id='word_1_235' title='bbox 1271 2925 1385 2991; x_wconf 87' lang='lat' dir='ltr'><strong>sitiens</strong></span> <span class='ocrx_word' id='word_1_236' title='bbox 1407 2926 1559 2991; x_wconf 89' lang='lat' dir='ltr'><strong>Romanis</strong></span> <span class='ocrx_word' id='word_1_237' title='bbox 1581 2927 1726 2992; x_wconf 90' lang='lat' dir='ltr'><strong>occurrit.</strong></span> <span class='ocrx_word' id='word_1_238' title='bbox 1771 2927 1922 2993; x_wconf 92' lang='lat' dir='ltr'><strong>conveni-</strong></span> 
     </span>
     <span class='ocr_line' id='line_1_26' title="bbox 453 3027 1918 3113; baseline -0.001 -17"><span class='ocrx_word' id='word_1_239' title='bbox 453 3040 504 3097; x_wconf 88' lang='lat' dir='ltr'><strong>tur</strong></span> <span class='ocrx_word' id='word_1_240' title='bbox 523 3032 632 3113; x_wconf 92' lang='lat' dir='ltr'><strong>itaque</strong></span> <span class='ocrx_word' id='word_1_241' title='bbox 655 3030 697 3094; x_wconf 93' lang='lat' dir='ltr'><strong>ab</strong></span> <span class='ocrx_word' id='word_1_242' title='bbox 719 3035 852 3111; x_wconf 90' lang='lat' dir='ltr'><strong>utroque</strong></span> <span class='ocrx_word' id='word_1_243' title='bbox 882 3028 999 3113; x_wconf 92' lang='lat' dir='ltr'><strong>populo</strong></span> <span class='ocrx_word' id='word_1_244' title='bbox 1027 3029 1060 3092; x_wconf 94' lang='lat' dir='ltr'><strong>in</strong></span> <span class='ocrx_word' id='word_1_245' title='bbox 1090 3047 1221 3113; x_wconf 87' lang='lat' dir='ltr'><strong>campos</strong></span> <span class='ocrx_word' id='word_1_246' title='bbox 1243 3027 1425 3094; x_wconf 89' lang='lat' dir='ltr'><strong>Maurianos</strong></span> <span class='ocrx_word' id='word_1_247' title='bbox 1455 3029 1508 3113; x_wconf 95' lang='lat' dir='ltr'><strong>qui</strong></span> <span class='ocrx_word' id='word_1_248' title='bbox 1532 3029 1733 3095; x_wconf 84' lang='lat' dir='ltr'><strong>Catalaunici</strong></span> <span class='ocrx_word' id='word_1_249' title='bbox 1761 3031 1918 3112; x_wconf 89' lang='lat' dir='ltr'><strong>dicuntur,</strong></span> 
     </span>
     <span class='ocr_line' id='line_1_27' title="bbox 453 3130 1916 3216; baseline -0.001 -17"><span class='ocrx_word' id='word_1_250' title='bbox 453 3142 578 3200; x_wconf 88' lang='lat' dir='ltr'><strong>centum</strong></span> <span class='ocrx_word' id='word_1_251' title='bbox 601 3171 643 3180; x_wconf 93' lang='lat'>—</span> <span class='ocrx_word' id='word_1_252' title='bbox 671 3132 712 3196; x_wconf 96' lang='lat' dir='ltr'><strong>ab</strong></span> <span class='ocrx_word' id='word_1_253' title='bbox 735 3131 806 3195; x_wconf 86' lang='lat' dir='ltr'><strong>Etio</strong></span> <span class='ocrx_word' id='word_1_254' title='bbox 828 3130 1013 3215; x_wconf 92' lang='lat' dir='ltr'><strong>prevenitur</strong></span> <span class='ocrx_word' id='word_1_255' title='bbox 1038 3133 1252 3215; x_wconf 81' lang='lat' dir='ltr'><strong>(compendium</strong></span> <span class='ocrx_word' id='word_1_256' title='bbox 1274 3136 1467 3195; x_wconf 77' lang='lat' dir='ltr'><strong>narrationis</strong></span> <span class='ocrx_word' id='word_1_257' title='bbox 1489 3153 1521 3216; x_wconf 92' lang='lat' dir='ltr'><strong>p.</strong></span> <span class='ocrx_word' id='word_1_258' title='bbox 1550 3135 1622 3215; x_wconf 88' lang='grc'><strong>108,</strong></span> <span class='ocrx_word' id='word_1_259' title='bbox 1649 3138 1668 3195; x_wconf 83' lang='grc'>5</span> <span class='ocrx_word' id='word_1_260' title='bbox 1691 3170 1733 3180; x_wconf 93' lang='grc'>-</span> <span class='ocrx_word' id='word_1_261' title='bbox 1759 3137 1830 3214; x_wconf 87' lang='grc'><strong>110,</strong></span> <span class='ocrx_word' id='word_1_262' title='bbox 1861 3137 1916 3213; x_wconf 90' lang='grc'><strong>10;</strong></span> 
     </span>
     <span class='ocr_line' id='line_1_28' title="bbox 458 3235 728 3320; baseline -0.019 -18"><span class='ocrx_word' id='word_1_263' title='bbox 458 3241 557 3302; x_wconf 79' lang='lat' dir='ltr'><strong>Woitz</strong></span> <span class='ocrx_word' id='word_1_264' title='bbox 580 3257 613 3320; x_wconf 87' lang='lat' dir='ltr'><strong>p.</strong></span> <span class='ocrx_word' id='word_1_265' title='bbox 639 3235 728 3315; x_wconf 88' lang='grc'>681).</span> 
     </span>
    </p>
   </div>
   <div class='ocr_carea' id='block_1_3' title="bbox 388 3369 1916 3562">
    <p class='ocr_par' dir='ltr' id='par_1_3' title="bbox 388 3369 1916 3562">
     <span class='ocr_line' id='line_1_29' title="bbox 388 3369 1916 3456; baseline -0.001 -16"><span class='ocrx_word' id='word_1_266' title='bbox 388 3375 458 3456; x_wconf 81' lang='lat' dir='ltr'><strong>[Vbi</strong></span> <span class='ocrx_word' id='word_1_267' title='bbox 490 3372 593 3438; x_wconf 89' lang='lat' dir='ltr'><strong>isdem</strong></span> <span class='ocrx_word' id='word_1_268' title='bbox 623 3371 771 3456; x_wconf 88' lang='lat' dir='ltr'><strong>patritius</strong></span> <span class='ocrx_word' id='word_1_269' title='bbox 801 3369 915 3435; x_wconf 85' lang='lat' dir='ltr'><strong>Gothis</strong></span> <span class='ocrx_word' id='word_1_270' title='bbox 938 3378 971 3436; x_wconf 88' lang='lat' dir='ltr'><strong>et</strong></span> <span class='ocrx_word' id='word_1_271' title='bbox 1003 3370 1138 3436; x_wconf 88' lang='lat' dir='ltr'><strong>caeteris</strong></span> <span class='ocrx_word' id='word_1_272' title='bbox 1171 3371 1323 3456; x_wconf 92' lang='lat' dir='ltr'><strong>populum</strong></span> <span class='ocrx_word' id='word_1_273' title='bbox 1356 3373 1453 3438; x_wconf 91' lang='lat' dir='ltr'><strong>talem</strong></span> <span class='ocrx_word' id='word_1_274' title='bbox 1487 3374 1621 3440; x_wconf 87' lang='lat' dir='ltr'><strong>adorsus</strong></span> <span class='ocrx_word' id='word_1_275' title='bbox 1651 3382 1700 3440; x_wconf 91' lang='lat' dir='ltr'><strong>est</strong></span> <span class='ocrx_word' id='word_1_276' title='bbox 1731 3375 1916 3455; x_wconf 67' lang='lat' dir='ltr'><strong>orationem]</strong></span> 
     </span>
     <span class='ocr_line' id='line_1_30' title="bbox 457 3473 1819 3562; baseline 0.004 -25"><span class='ocrx_word' id='word_1_277' title='bbox 457 3481 499 3560; x_wconf 91' lang='grc'><strong>(0.</strong></span> <span class='ocrx_word' id='word_1_278' title='bbox 529 3479 599 3555; x_wconf 90' lang='grc'><strong>107,</strong></span> <span class='ocrx_word' id='word_1_279' title='bbox 627 3476 764 3555; x_wconf 81' lang='grc'><strong>3-20(;</strong></span> <span class='ocrx_word' id='word_1_280' title='bbox 791 3473 979 3558; x_wconf 91' lang='lat' dir='ltr'><strong>prudentiae</strong></span> <span class='ocrx_word' id='word_1_281' title='bbox 1002 3482 1128 3541; x_wconf 92' lang='lat' dir='ltr'><strong>vestrae</strong></span> <span class='ocrx_word' id='word_1_282' title='bbox 1151 3513 1193 3522; x_wconf 94' lang='lat'>—</span> <span class='ocrx_word' id='word_1_283' title='bbox 1216 3475 1439 3541; x_wconf 86' lang='lat' dir='ltr'><strong>desiderantur</strong></span> <span class='ocrx_word' id='word_1_284' title='bbox 1465 3478 1573 3560; x_wconf 88' lang='lat' dir='ltr'><strong>[armis</strong></span> <span class='ocrx_word' id='word_1_285' title='bbox 1596 3478 1819 3562; x_wconf 80' lang='lat' dir='ltr'><strong>prestolantur]</strong></span> 
     </span>
    </p>
   </div>
   <div class='ocr_carea' id='block_1_4' title="bbox 502 3611 1921 3926">
    <p class='ocr_par' dir='ltr' id='par_1_4' title="bbox 502 3611 1921 3926">
     <span class='ocr_line' id='line_1_31' title="bbox 506 3611 1918 3683; baseline 0.004 -20"><span class='ocrx_word' id='word_1_286' title='bbox 506 3616 563 3676; x_wconf 90' lang='grc'><strong>107,</strong></span> <span class='ocrx_word' id='word_1_287' title='bbox 583 3615 599 3663; x_wconf 94' lang='grc'><strong>0</strong></span> <span class='ocrx_word' id='word_1_288' title='bbox 616 3613 705 3676; x_wconf 84' lang='lat' dir='ltr'><strong>orrum]</strong></span> <span class='ocrx_word' id='word_1_289' title='bbox 726 3611 820 3664; x_wconf 92' lang='lat' dir='ltr'><strong>mundi</strong></span> <span class='ocrx_word' id='word_1_290' title='bbox 839 3626 958 3680; x_wconf 87' lang='grc'><strong>000000</strong></span> <span class='ocrx_word' id='word_1_291' title='bbox 981 3640 1015 3649; x_wconf 91' lang='lat'>-</span> <span class='ocrx_word' id='word_1_292' title='bbox 1045 3615 1060 3664; x_wconf 87' lang='grc'><strong>7</strong></span> <span class='ocrx_word' id='word_1_293' title='bbox 1079 3628 1110 3667; x_wconf 87' lang='grc'><strong>00</strong></span> <span class='ocrx_word' id='word_1_294' title='bbox 1129 3632 1179 3665; x_wconf 87' lang='lat' dir='ltr'><strong>om.</strong></span> <span class='ocrx_word' id='word_1_295' title='bbox 1203 3642 1238 3651; x_wconf 97' lang='lat'>—</span> <span class='ocrx_word' id='word_1_296' title='bbox 1263 3616 1278 3666; x_wconf 83' lang='grc'><strong>6</strong></span> <span class='ocrx_word' id='word_1_297' title='bbox 1297 3614 1407 3680; x_wconf 88' lang='lat' dir='ltr'><strong>etenim]</strong></span> <span class='ocrx_word' id='word_1_298' title='bbox 1428 3615 1501 3668; x_wconf 91' lang='lat' dir='ltr'><strong>euim</strong></span> <span class='ocrx_word' id='word_1_299' title='bbox 1518 3645 1553 3653; x_wconf 91' lang='lat'>—</span> <span class='ocrx_word' id='word_1_300' title='bbox 1574 3616 1604 3667; x_wconf 94' lang='grc'><strong>10</strong></span> <span class='ocrx_word' id='word_1_301' title='bbox 1623 3617 1701 3683; x_wconf 82' lang='lat' dir='ltr'><strong>augit</strong></span> <span class='ocrx_word' id='word_1_302' title='bbox 1717 3645 1752 3653; x_wconf 95' lang='lat'>-</span> <span class='ocrx_word' id='word_1_303' title='bbox 1774 3616 1863 3681; x_wconf 82' lang='lat' dir='ltr'><strong>nobis]</strong></span> <span class='ocrx_word' id='word_1_304' title='bbox 1890 3632 1918 3668; x_wconf 94' lang='lat' dir='ltr'><strong>n.</strong></span> 
     </span>
     <span class='ocr_line' id='line_1_32' title="bbox 502 3697 1921 3765; baseline 0.002 -12"><span class='ocrx_word' id='word_1_305' title='bbox 502 3701 623 3753; x_wconf 88' lang='lat' dir='ltr'><strong>romanis</strong></span> <span class='ocrx_word' id='word_1_306' title='bbox 645 3727 680 3735; x_wconf 98' lang='lat'>—</span> <span class='ocrx_word' id='word_1_307' title='bbox 705 3699 734 3748; x_wconf 85' lang='grc'><strong>13</strong></span> <span class='ocrx_word' id='word_1_308' title='bbox 753 3699 808 3762; x_wconf 83' lang='grc'><strong>001]</strong></span> <span class='ocrx_word' id='word_1_309' title='bbox 830 3703 880 3751; x_wconf 87' lang='grc'><strong>001</strong></span> <span class='ocrx_word' id='word_1_310' title='bbox 901 3728 936 3736; x_wconf 95' lang='grc'>-</span> <span class='ocrx_word' id='word_1_311' title='bbox 956 3699 986 3750; x_wconf 86' lang='grc'><strong>14</strong></span> <span class='ocrx_word' id='word_1_312' title='bbox 1004 3697 1048 3753; x_wconf 88' lang='lat' dir='ltr'><strong>his</strong></span> <span class='ocrx_word' id='word_1_313' title='bbox 1068 3739 1097 3752; x_wconf 92' lang='lat'><strong>..</strong></span> <span class='ocrx_word' id='word_1_314' title='bbox 1126 3700 1156 3750; x_wconf 86' lang='grc'><strong>15</strong></span> <span class='ocrx_word' id='word_1_315' title='bbox 1175 3700 1290 3765; x_wconf 86' lang='lat' dir='ltr'><strong>romani]</strong></span> <span class='ocrx_word' id='word_1_316' title='bbox 1310 3700 1353 3754; x_wconf 92' lang='lat' dir='ltr'><strong>bis</strong></span> <span class='ocrx_word' id='word_1_317' title='bbox 1376 3702 1487 3756; x_wconf 87' lang='lat' dir='ltr'><strong>accensi</strong></span> <span class='ocrx_word' id='word_1_318' title='bbox 1510 3702 1615 3755; x_wconf 89' lang='lat' dir='ltr'><strong>milites</strong></span> <span class='ocrx_word' id='word_1_319' title='bbox 1633 3701 1729 3756; x_wconf 92' lang='lat' dir='ltr'><strong>uerbis</strong></span> <span class='ocrx_word' id='word_1_320' title='bbox 1747 3701 1859 3755; x_wconf 90' lang='lat' dir='ltr'><strong>habetis</strong></span> <span class='ocrx_word' id='word_1_321' title='bbox 1877 3703 1921 3756; x_wconf 87' lang='lat' dir='ltr'><strong>ait</strong></span> 
     </span>
     <span class='ocr_line' id='line_1_33' title="bbox 503 3785 1916 3856; baseline 0.001 -16"><span class='ocrx_word' id='word_1_322' title='bbox 503 3785 682 3840; x_wconf 88' lang='lat' dir='ltr'><strong>theodericus</strong></span> <span class='ocrx_word' id='word_1_323' title='bbox 700 3799 750 3838; x_wconf 84' lang='lat' dir='ltr'><strong>rex</strong></span> <span class='ocrx_word' id='word_1_324' title='bbox 768 3785 872 3837; x_wconf 88' lang='lat' dir='ltr'><strong>romani</strong></span> <span class='ocrx_word' id='word_1_325' title='bbox 891 3814 925 3822; x_wconf 94' lang='lat'>—</span> <span class='ocrx_word' id='word_1_326' title='bbox 946 3786 976 3837; x_wconf 84' lang='grc'><strong>16</strong></span> <span class='ocrx_word' id='word_1_327' title='bbox 995 3785 1109 3851; x_wconf 88' lang='lat' dir='ltr'><strong>nullum]</strong></span> <span class='ocrx_word' id='word_1_328' title='bbox 1127 3785 1192 3839; x_wconf 90' lang='lat' dir='ltr'><strong>hinc</strong></span> <span class='ocrx_word' id='word_1_329' title='bbox 1210 3786 1314 3841; x_wconf 89' lang='lat' dir='ltr'><strong>nullum</strong></span> <span class='ocrx_word' id='word_1_330' title='bbox 1331 3817 1366 3825; x_wconf 93' lang='lat'><em>-</em></span> <span class='ocrx_word' id='word_1_331' title='bbox 1384 3789 1463 3856; x_wconf 87' lang='lat' dir='ltr'><strong>pauit</strong></span> <span class='ocrx_word' id='word_1_332' title='bbox 1480 3816 1515 3825; x_wconf 92' lang='lat'><em>-</em></span> <span class='ocrx_word' id='word_1_333' title='bbox 1535 3788 1700 3842; x_wconf 79' lang='grc'><strong>1000101100</strong></span> <span class='ocrx_word' id='word_1_334' title='bbox 1719 3787 1792 3851; x_wconf 90' lang='lat' dir='ltr'><strong>duci]</strong></span> <span class='ocrx_word' id='word_1_335' title='bbox 1811 3788 1916 3842; x_wconf 87' lang='lat' dir='ltr'><strong>milites</strong></span> 
     </span>
     <span class='ocr_line' id='line_1_34' title="bbox 503 3872 583 3926; baseline 0.013 -1"><span class='ocrx_word' id='word_1_336' title='bbox 503 3872 583 3926; x_wconf 90' lang='grc'><strong>(10010</strong></span> 
     </span>
    </p>
   </div>
   <div class='ocr_carea' id='block_1_5' title="bbox 386 3993 1466 4079">
    <p class='ocr_par' dir='ltr' id='par_1_5' title="bbox 386 3993 1466 4079">
     <span class='ocr_line' id='line_1_35' title="bbox 386 3993 1466 4079; baseline 0.002 -24"><span class='ocrx_word' id='word_1_337' title='bbox 386 3993 533 4077; x_wconf 83' lang='lat' dir='ltr'><strong>[Interea]</strong></span> <span class='ocrx_word' id='word_1_338' title='bbox 565 3995 610 4074; x_wconf 85' lang='lat' dir='ltr'><strong>(p.</strong></span> <span class='ocrx_word' id='word_1_339' title='bbox 638 3997 709 4074; x_wconf 93' lang='grc'><strong>110,</strong></span> <span class='ocrx_word' id='word_1_340' title='bbox 740 3996 774 4056; x_wconf 91' lang='grc'><strong>11</strong></span> <span class='ocrx_word' id='word_1_341' title='bbox 792 3996 925 4075; x_wconf 75' lang='grc'><strong>-111,</strong></span> <span class='ocrx_word' id='word_1_342' title='bbox 955 3996 1003 4077; x_wconf 87' lang='grc'><strong>10]</strong></span> <span class='ocrx_word' id='word_1_343' title='bbox 1030 3993 1131 4058; x_wconf 88' lang='lat' dir='ltr'><strong>Attila</strong></span> <span class='ocrx_word' id='word_1_344' title='bbox 1152 4029 1195 4040; x_wconf 91' lang='lat'>—</span> <span class='ocrx_word' id='word_1_345' title='bbox 1217 3993 1466 4079; x_wconf 84' lang='lat' dir='ltr'><strong>praecipitantur</strong></span> 
     </span>
    </p>
   </div>
   <div class='ocr_carea' id='block_1_6' title="bbox 501 4130 2040 4460">
    <p class='ocr_par' dir='ltr' id='par_1_6' title="bbox 505 4130 1918 4201">
     <span class='ocr_line' id='line_1_36' title="bbox 505 4130 1918 4201; baseline 0.007 -22"><span class='ocrx_word' id='word_1_346' title='bbox 505 4131 561 4194; x_wconf 86' lang='lat' dir='ltr'><strong>llo,</strong></span> <span class='ocrx_word' id='word_1_347' title='bbox 579 4132 605 4180; x_wconf 90' lang='grc'><strong>11</strong></span> <span class='ocrx_word' id='word_1_348' title='bbox 628 4146 713 4184; x_wconf 89' lang='grc'><strong>00000</strong></span> <span class='ocrx_word' id='word_1_349' title='bbox 725 4130 920 4199; x_wconf 88' lang='lat' dir='ltr'><strong>praecedente]</strong></span> <span class='ocrx_word' id='word_1_350' title='bbox 931 4144 983 4197; x_wconf 87' lang='lat' dir='ltr'><strong>pro</strong></span> <span class='ocrx_word' id='word_1_351' title='bbox 1001 4132 1103 4186; x_wconf 90' lang='lat' dir='ltr'><strong>montis</strong></span> <span class='ocrx_word' id='word_1_352' title='bbox 1114 4132 1221 4187; x_wconf 88' lang='lat' dir='ltr'><strong>vertice</strong></span> <span class='ocrx_word' id='word_1_353' title='bbox 1238 4161 1272 4169; x_wconf 94' lang='lat'><em>-</em></span> <span class='ocrx_word' id='word_1_354' title='bbox 1293 4133 1324 4183; x_wconf 92' lang='grc'><strong>12</strong></span> <span class='ocrx_word' id='word_1_355' title='bbox 1336 4131 1410 4201; x_wconf 80' lang='grc'><strong>0001]</strong></span> <span class='ocrx_word' id='word_1_356' title='bbox 1423 4133 1575 4187; x_wconf 87' lang='lat' dir='ltr'><strong>lectissima</strong></span> <span class='ocrx_word' id='word_1_357' title='bbox 1588 4149 1685 4187; x_wconf 88' lang='lat' dir='ltr'><strong>manus</strong></span> <span class='ocrx_word' id='word_1_358' title='bbox 1697 4140 1762 4201; x_wconf 89' lang='lat' dir='ltr'><strong>post</strong></span> <span class='ocrx_word' id='word_1_359' title='bbox 1779 4164 1812 4171; x_wconf 89' lang='lat'><em>-</em></span> <span class='ocrx_word' id='word_1_360' title='bbox 1834 4135 1863 4185; x_wconf 81' lang='grc'><strong>13</strong></span> <span class='ocrx_word' id='word_1_361' title='bbox 1877 4135 1918 4188; x_wconf 93' lang='lat' dir='ltr'><strong>rei</strong></span> 
     </span>
    </p>

    <p class='ocr_par' dir='ltr' id='par_1_7' title="bbox 501 4217 1920 4289">
     <span class='ocr_line' id='line_1_37' title="bbox 501 4217 1920 4289; baseline 0.005 -21"><span class='ocrx_word' id='word_1_362' title='bbox 501 4235 550 4269; x_wconf 82' lang='lat' dir='ltr'><strong>mn.</strong></span> <span class='ocrx_word' id='word_1_363' title='bbox 573 4245 602 4254; x_wconf 95' lang='lat'>—</span> <span class='ocrx_word' id='word_1_364' title='bbox 625 4217 655 4267; x_wconf 85' lang='grc'><strong>15</strong></span> <span class='ocrx_word' id='word_1_365' title='bbox 673 4220 824 4271; x_wconf 88' lang='lat' dir='ltr'><strong>consuetos</strong></span> <span class='ocrx_word' id='word_1_366' title='bbox 840 4246 875 4253; x_wconf 90' lang='lat'>-</span> <span class='ocrx_word' id='word_1_367' title='bbox 896 4217 926 4269; x_wconf 88' lang='grc'><strong>16</strong></span> <span class='ocrx_word' id='word_1_368' title='bbox 944 4217 1098 4271; x_wconf 86' lang='lat' dir='ltr'><strong>uindictam</strong></span> <span class='ocrx_word' id='word_1_369' title='bbox 1115 4246 1149 4254; x_wconf 91' lang='lat'><strong>—-</strong></span> <span class='ocrx_word' id='word_1_370' title='bbox 1171 4217 1200 4267; x_wconf 85' lang='grc'><strong>16</strong></span> <span class='ocrx_word' id='word_1_371' title='bbox 1219 4217 1351 4271; x_wconf 91' lang='lat' dir='ltr'><strong>iudicium</strong></span> <span class='ocrx_word' id='word_1_372' title='bbox 1369 4249 1403 4257; x_wconf 90' lang='lat'>—</span> <span class='ocrx_word' id='word_1_373' title='bbox 1422 4221 1454 4270; x_wconf 92' lang='grc'><strong>20</strong></span> <span class='ocrx_word' id='word_1_374' title='bbox 1473 4221 1579 4289; x_wconf 91' lang='lat' dir='ltr'><strong>campis</strong></span> <span class='ocrx_word' id='word_1_375' title='bbox 1596 4250 1630 4258; x_wconf 93' lang='lat'>—</span> <span class='ocrx_word' id='word_1_376' title='bbox 1649 4220 1789 4274; x_wconf 77' lang='grc'><strong>21001001</strong></span> <span class='ocrx_word' id='word_1_377' title='bbox 1808 4228 1920 4275; x_wconf 87' lang='grc'><strong>-0001</strong></span> 
     </span>
    </p>

    <p class='ocr_par' dir='ltr' id='par_1_8' title="bbox 501 4303 2040 4460">
     <span class='ocr_line' id='line_1_38' title="bbox 501 4303 2040 4374; baseline 0.006 -20"><span class='ocrx_word' id='word_1_378' title='bbox 501 4321 551 4354; x_wconf 73' lang='grc'><strong>000.</strong></span> <span class='ocrx_word' id='word_1_379' title='bbox 571 4332 603 4340; x_wconf 85' lang='lat'>—</span> <span class='ocrx_word' id='word_1_380' title='bbox 624 4303 656 4352; x_wconf 85' lang='grc'><strong>22</strong></span> <span class='ocrx_word' id='word_1_381' title='bbox 675 4303 889 4372; x_wconf 86' lang='lat' dir='ltr'><strong>testudinesque</strong></span> <span class='ocrx_word' id='word_1_382' title='bbox 907 4331 941 4340; x_wconf 93' lang='lat'><strong>—</strong></span> <span class='ocrx_word' id='word_1_383' title='bbox 959 4305 991 4354; x_wconf 84' lang='grc'><strong>20</strong></span> <span class='ocrx_word' id='word_1_384' title='bbox 1010 4303 1099 4358; x_wconf 90' lang='lat' dir='ltr'><strong>aciem</strong></span> <span class='ocrx_word' id='word_1_385' title='bbox 1118 4304 1223 4369; x_wconf 90' lang='grc'><strong>010000]</strong></span> <span class='ocrx_word' id='word_1_386' title='bbox 1242 4305 1318 4359; x_wconf 88' lang='grc'><strong>00100</strong></span> <span class='ocrx_word' id='word_1_387' title='bbox 1339 4335 1372 4343; x_wconf 95' lang='grc'>-</span> <span class='ocrx_word' id='word_1_388' title='bbox 1396 4307 1429 4356; x_wconf 85' lang='grc'><strong>21</strong></span> <span class='ocrx_word' id='word_1_389' title='bbox 1448 4306 1538 4370; x_wconf 85' lang='grc'><strong>00610]</strong></span> <span class='ocrx_word' id='word_1_390' title='bbox 1556 4323 1583 4359; x_wconf 92' lang='grc'><strong>0.</strong></span> <span class='ocrx_word' id='word_1_391' title='bbox 1603 4307 1659 4360; x_wconf 88' lang='lat' dir='ltr'><strong>erit</strong></span> <span class='ocrx_word' id='word_1_392' title='bbox 1675 4336 1709 4344; x_wconf 92' lang='lat'>—</span> <span class='ocrx_word' id='word_1_393' title='bbox 1726 4307 1810 4362; x_wconf 89' lang='lat' dir='ltr'><strong>citam</strong></span> <span class='ocrx_word' id='word_1_394' title='bbox 1830 4307 1919 4362; x_wconf 86' lang='lat' dir='ltr'><strong>uicto·</strong></span> <span class='ocrx_word' id='word_1_395' title='bbox 2034 4351 2040 4374; x_wconf 81' lang='lat'><strong>,</strong></span> 
     </span>
     <span class='ocr_line' id='line_1_39' title="bbox 501 4388 1874 4460; baseline 0.004 -20"><span class='ocrx_word' id='word_1_396' title='bbox 501 4389 569 4442; x_wconf 90' lang='lat' dir='ltr'><strong>riam</strong></span> <span class='ocrx_word' id='word_1_397' title='bbox 587 4417 623 4426; x_wconf 94' lang='lat'>—</span> <span class='ocrx_word' id='word_1_398' title='bbox 643 4388 700 4448; x_wconf 91' lang='grc'><strong>111,</strong></span> <span class='ocrx_word' id='word_1_399' title='bbox 721 4391 736 4438; x_wconf 82' lang='grc'><strong>1</strong></span> <span class='ocrx_word' id='word_1_400' title='bbox 754 4389 857 4442; x_wconf 88' lang='lat' dir='ltr'><strong>asserit</strong></span> <span class='ocrx_word' id='word_1_401' title='bbox 873 4418 907 4426; x_wconf 92' lang='lat'>—</span> <span class='ocrx_word' id='word_1_402' title='bbox 926 4391 941 4439; x_wconf 87' lang='lat'>5</span> <span class='ocrx_word' id='word_1_403' title='bbox 960 4389 1112 4442; x_wconf 91' lang='lat' dir='ltr'><strong>maioribus</strong></span> <span class='ocrx_word' id='word_1_404' title='bbox 1130 4390 1235 4443; x_wconf 85' lang='lat' dir='ltr'><strong>nostris</strong></span> <span class='ocrx_word' id='word_1_405' title='bbox 1255 4418 1285 4426; x_wconf 98' lang='lat'><strong>—</strong></span> <span class='ocrx_word' id='word_1_406' title='bbox 1308 4392 1338 4442; x_wconf 96' lang='grc'><strong>10</strong></span> <span class='ocrx_word' id='word_1_407' title='bbox 1356 4406 1477 4460; x_wconf 86' lang='lat' dir='ltr'><strong>pugnam</strong></span> <span class='ocrx_word' id='word_1_408' title='bbox 1872 4403 1874 4408; x_wconf 69' lang='grc'><em>“</em></span> 
     </span>
    </p>
   </div>
   <div class='ocr_carea' id='block_1_7' title="bbox 387 4509 1916 4698">
    <p class='ocr_par' dir='ltr' id='par_1_9' title="bbox 387 4509 1916 4698">
     <span class='ocr_line' id='line_1_40' title="bbox 387 4509 1916 4597; baseline 0.001 -22"><span class='ocrx_word' id='word_1_409' title='bbox 387 4511 491 4591; x_wconf 76' lang='lat' dir='ltr'><strong>[Circa</strong></span> <span class='ocrx_word' id='word_1_410' title='bbox 505 4510 617 4575; x_wconf 90' lang='lat' dir='ltr'><strong>horam</strong></span> <span class='ocrx_word' id='word_1_411' title='bbox 633 4547 675 4557; x_wconf 92' lang='lat'>-</span> <span class='ocrx_word' id='word_1_412' title='bbox 690 4515 782 4594; x_wconf 92' lang='lat' dir='ltr'><strong>parte</strong></span> <span class='ocrx_word' id='word_1_413' title='bbox 798 4509 1025 4593; x_wconf 86' lang='lat' dir='ltr'><strong>pugnantibus]</strong></span> <span class='ocrx_word' id='word_1_414' title='bbox 1052 4512 1258 4592; x_wconf 80' lang='lat' dir='ltr'><strong>compendium</strong></span> <span class='ocrx_word' id='word_1_415' title='bbox 1274 4515 1466 4574; x_wconf 79' lang='lat' dir='ltr'><strong>corrutionis</strong></span> <span class='ocrx_word' id='word_1_416' title='bbox 1482 4532 1514 4594; x_wconf 89' lang='lat' dir='ltr'><strong>p.</strong></span> <span class='ocrx_word' id='word_1_417' title='bbox 1537 4516 1606 4594; x_wconf 88' lang='grc'><strong>109,</strong></span> <span class='ocrx_word' id='word_1_418' title='bbox 1626 4518 1657 4577; x_wconf 85' lang='grc'><strong>1.</strong></span> <span class='ocrx_word' id='word_1_419' title='bbox 1677 4519 1708 4577; x_wconf 85' lang='grc'><strong>5.</strong></span> <span class='ocrx_word' id='word_1_420' title='bbox 1736 4517 1807 4597; x_wconf 89' lang='grc'><strong>111,</strong></span> <span class='ocrx_word' id='word_1_421' title='bbox 1828 4516 1916 4576; x_wconf 81' lang='grc'><strong>24-</strong></span> 
     </span>
     <span class='ocr_line' id='line_1_41' title="bbox 455 4615 1223 4698; baseline 0.004 -22"><span class='ocrx_word' id='word_1_422' title='bbox 455 4617 525 4697; x_wconf 81' lang='grc'><strong>112,</strong></span> <span class='ocrx_word' id='word_1_423' title='bbox 552 4618 602 4678; x_wconf 88' lang='grc'><strong>21.</strong></span> <span class='ocrx_word' id='word_1_424' title='bbox 643 4617 713 4695; x_wconf 89' lang='grc'><strong>113,</strong></span> <span class='ocrx_word' id='word_1_425' title='bbox 743 4615 885 4695; x_wconf 83' lang='grc'><strong>16-21;</strong></span> <span class='ocrx_word' id='word_1_426' title='bbox 918 4617 1068 4677; x_wconf 71' lang='lat' dir='ltr'><strong>Woirzios</strong></span> <span class='ocrx_word' id='word_1_427' title='bbox 1091 4635 1123 4698; x_wconf 91' lang='lat' dir='ltr'><strong>p.</strong></span> <span class='ocrx_word' id='word_1_428' title='bbox 1149 4616 1223 4679; x_wconf 88' lang='grc'><strong>681.</strong></span> 
     </span>
    </p>
   </div>
   <div class='ocr_carea' id='block_1_8' title="bbox 294 4766 2022 5698">
    <p class='ocr_par' dir='ltr' id='par_1_10' title="bbox 294 4766 1918 5214">
     <span class='ocr_line' id='line_1_42' title="bbox 296 4766 1913 4854; baseline 0.002 -20"><span class='ocrx_word' id='word_1_429' title='bbox 296 4768 446 4851; x_wconf 84' lang='lat' dir='ltr'><strong>Sequitur</strong></span> <span class='ocrx_word' id='word_1_430' title='bbox 479 4773 521 4854; x_wconf 92' lang='lat' dir='ltr'><strong>(p.</strong></span> <span class='ocrx_word' id='word_1_431' title='bbox 556 4772 612 4833; x_wconf 88' lang='grc'><strong>081</strong></span> <span class='ocrx_word' id='word_1_432' title='bbox 647 4768 711 4851; x_wconf 86' lang='lat' dir='ltr'><strong>ed.)</strong></span> <span class='ocrx_word' id='word_1_433' title='bbox 746 4770 835 4834; x_wconf 92' lang='lat' dir='ltr'><strong>locus</strong></span> <span class='ocrx_word' id='word_1_434' title='bbox 863 4767 903 4833; x_wconf 92' lang='lat' dir='ltr'><strong>de</strong></span> <span class='ocrx_word' id='word_1_435' title='bbox 932 4768 1042 4833; x_wconf 88' lang='lat' dir='ltr'><strong>Gallia</strong></span> <span class='ocrx_word' id='word_1_436' title='bbox 1069 4775 1194 4834; x_wconf 88' lang='lat' dir='ltr'><strong>comata</strong></span> <span class='ocrx_word' id='word_1_437' title='bbox 1222 4766 1350 4832; x_wconf 89' lang='lat' dir='ltr'><strong>insertis</strong></span> <span class='ocrx_word' id='word_1_438' title='bbox 1381 4769 1539 4853; x_wconf 84' lang='lat' dir='ltr'><strong>excerptis</strong></span> <span class='ocrx_word' id='word_1_439' title='bbox 1569 4789 1608 4834; x_wconf 85' lang='lat' dir='ltr'><strong>ex</strong></span> <span class='ocrx_word' id='word_1_440' title='bbox 1631 4771 1753 4836; x_wconf 87' lang='lat' dir='ltr'><strong>Notitia</strong></span> <span class='ocrx_word' id='word_1_441' title='bbox 1775 4770 1913 4854; x_wconf 86' lang='lat' dir='ltr'><strong>Galliae,</strong></span> 
     </span>
     <span class='ocr_line' id='line_1_43' title="bbox 295 4887 1915 4976; baseline 0.002 -23"><span class='ocrx_word' id='word_1_442' title='bbox 295 4910 378 4972; x_wconf 92' lang='lat' dir='ltr'><strong>quae</strong></span> <span class='ocrx_word' id='word_1_443' title='bbox 401 4890 516 4954; x_wconf 87' lang='lat' dir='ltr'><strong>citatur</strong></span> <span class='ocrx_word' id='word_1_444' title='bbox 538 4891 597 4954; x_wconf 91' lang='lat' dir='ltr'><strong>sub</strong></span> <span class='ocrx_word' id='word_1_445' title='bbox 619 4889 747 4954; x_wconf 91' lang='lat' dir='ltr'><strong>nomine</strong></span> <span class='ocrx_word' id='word_1_446' title='bbox 774 4889 952 4972; x_wconf 86' lang='lat' dir='ltr'><strong>‘hystoriae</strong></span> <span class='ocrx_word' id='word_1_447' title='bbox 967 4888 1110 4953; x_wconf 86' lang='lat' dir='ltr'><strong>Marcelli</strong></span> <span class='ocrx_word' id='word_1_448' title='bbox 1134 4888 1304 4965; x_wconf 74' lang='lat' dir='ltr'><strong>consulis&#39;3</strong></span> <span class='ocrx_word' id='word_1_449' title='bbox 1331 4887 1454 4954; x_wconf 91' lang='lat' dir='ltr'><strong>scilicet</strong></span> <span class='ocrx_word' id='word_1_450' title='bbox 1477 4889 1623 4956; x_wconf 90' lang='lat' dir='ltr'><strong>adhibuit</strong></span> <span class='ocrx_word' id='word_1_451' title='bbox 1645 4891 1778 4976; x_wconf 89' lang='lat' dir='ltr'><strong>scriptor</strong></span> <span class='ocrx_word' id='word_1_452' title='bbox 1801 4892 1915 4957; x_wconf 90' lang='lat' dir='ltr'><strong>librum</strong></span> 
     </span>
     <span class='ocr_line' id='line_1_44' title="bbox 295 5008 1918 5093; baseline 0.002 -19"><span class='ocrx_word' id='word_1_453' title='bbox 295 5009 471 5075; x_wconf 90' lang='lat' dir='ltr'><strong>Bertiniani</strong></span> <span class='ocrx_word' id='word_1_454' title='bbox 501 5010 638 5075; x_wconf 91' lang='lat' dir='ltr'><strong>similem</strong></span> <span class='ocrx_word' id='word_1_455' title='bbox 675 5011 731 5093; x_wconf 80' lang='lat' dir='ltr'><strong>(st.</strong></span> <span class='ocrx_word' id='word_1_456' title='bbox 762 5008 858 5075; x_wconf 88' lang='lat' dir='ltr'><strong>Omer</strong></span> <span class='ocrx_word' id='word_1_457' title='bbox 875 5012 1096 5091; x_wconf 62' lang='lat' dir='ltr'><strong>cat-pluo),</strong></span> <span class='ocrx_word' id='word_1_458' title='bbox 1128 5009 1161 5072; x_wconf 92' lang='grc'><strong>10</strong></span> <span class='ocrx_word' id='word_1_459' title='bbox 1191 5029 1253 5089; x_wconf 92' lang='lat' dir='ltr'><strong>quo</strong></span> <span class='ocrx_word' id='word_1_460' title='bbox 1283 5009 1462 5074; x_wconf 88' lang='lat' dir='ltr'><strong>Marcellini</strong></span> <span class='ocrx_word' id='word_1_461' title='bbox 1491 5010 1639 5075; x_wconf 91' lang='lat' dir='ltr'><strong>chronico</strong></span> <span class='ocrx_word' id='word_1_462' title='bbox 1668 5011 1837 5077; x_wconf 88' lang='lat' dir='ltr'><strong>subiuncta</strong></span> <span class='ocrx_word' id='word_1_463' title='bbox 1867 5019 1918 5078; x_wconf 92' lang='lat' dir='ltr'><strong>est</strong></span> 
     </span>
     <span class='ocr_line' id='line_1_45' title="bbox 294 5129 1916 5214; baseline 0.002 -21"><span class='ocrx_word' id='word_1_464' title='bbox 294 5130 418 5195; x_wconf 89' lang='lat' dir='ltr'><strong>Notitia</strong></span> <span class='ocrx_word' id='word_1_465' title='bbox 439 5132 507 5195; x_wconf 89' lang='lat' dir='ltr'><strong>illa.</strong></span> <span class='ocrx_word' id='word_1_466' title='bbox 554 5131 634 5196; x_wconf 90' lang='lat' dir='ltr'><strong>haec</strong></span> <span class='ocrx_word' id='word_1_467' title='bbox 657 5130 778 5214; x_wconf 84' lang='lat' dir='ltr'><strong>excipit</strong></span> <span class='ocrx_word' id='word_1_468' title='bbox 798 5131 888 5194; x_wconf 90' lang='lat' dir='ltr'><strong>locus</strong></span> <span class='ocrx_word' id='word_1_469' title='bbox 907 5129 1093 5214; x_wconf 91' lang='lat' dir='ltr'><strong>Hieronymi</strong></span> <span class='ocrx_word' id='word_1_470' title='bbox 1116 5150 1168 5214; x_wconf 92' lang='lat' dir='ltr'><strong>ep.</strong></span> <span class='ocrx_word' id='word_1_471' title='bbox 1196 5133 1256 5192; x_wconf 80' lang='lat'><strong>123</strong></span> <span class='ocrx_word' id='word_1_472' title='bbox 1279 5129 1320 5194; x_wconf 94' lang='lat' dir='ltr'><strong>de</strong></span> <span class='ocrx_word' id='word_1_473' title='bbox 1343 5129 1434 5194; x_wconf 91' lang='lat' dir='ltr'><strong>clade</strong></span> <span class='ocrx_word' id='word_1_474' title='bbox 1458 5129 1636 5196; x_wconf 88' lang='lat' dir='ltr'><strong>Galliamm</strong></span> <span class='ocrx_word' id='word_1_475' title='bbox 1660 5140 1693 5196; x_wconf 91' lang='grc'><strong>01</strong></span> <span class='ocrx_word' id='word_1_476' title='bbox 1713 5132 1853 5197; x_wconf 87' lang='lat' dir='ltr'><strong>narratio</strong></span> <span class='ocrx_word' id='word_1_477' title='bbox 1875 5131 1916 5198; x_wconf 93' lang='lat' dir='ltr'><strong>de</strong></span> 
     </span>
    </p>

    <p class='ocr_par' dir='ltr' id='par_1_11' title="bbox 294 5249 1912 5337">
     <span class='ocr_line' id='line_1_46' title="bbox 294 5249 1912 5337; baseline 0.002 -23"><span class='ocrx_word' id='word_1_478' title='bbox 294 5251 338 5314; x_wconf 89' lang='grc' dir='ltr'><strong>Μ.</strong></span> <span class='ocrx_word' id='word_1_479' title='bbox 363 5251 516 5317; x_wconf 90' lang='lat' dir='ltr'><strong>Marcello</strong></span> <span class='ocrx_word' id='word_1_480' title='bbox 538 5259 665 5337; x_wconf 90' lang='lat' dir='ltr'><strong>sumpta</strong></span> <span class='ocrx_word' id='word_1_481' title='bbox 687 5273 727 5317; x_wconf 83' lang='lat' dir='ltr'><strong>ex</strong></span> <span class='ocrx_word' id='word_1_482' title='bbox 750 5250 841 5316; x_wconf 92' lang='lat' dir='ltr'><strong>Pauli</strong></span> <span class='ocrx_word' id='word_1_483' title='bbox 865 5250 996 5315; x_wconf 89' lang='lat' dir='ltr'><strong>historia</strong></span> <span class='ocrx_word' id='word_1_484' title='bbox 1018 5251 1171 5327; x_wconf 86' lang='lat' dir='ltr'><strong>Romana,</strong></span> <span class='ocrx_word' id='word_1_485' title='bbox 1196 5250 1272 5314; x_wconf 91' lang='lat' dir='ltr'><strong>item</strong></span> <span class='ocrx_word' id='word_1_486' title='bbox 1296 5249 1336 5315; x_wconf 93' lang='lat' dir='ltr'><strong>de</strong></span> <span class='ocrx_word' id='word_1_487' title='bbox 1359 5249 1417 5314; x_wconf 83' lang='lat' dir='ltr'><strong>Cn.</strong></span> <span class='ocrx_word' id='word_1_488' title='bbox 1437 5250 1586 5337; x_wconf 92' lang='lat' dir='ltr'><strong>Pompeio</strong></span> <span class='ocrx_word' id='word_1_489' title='bbox 1609 5258 1737 5337; x_wconf 87' lang='lat' dir='ltr'><strong>sumpta</strong></span> <span class='ocrx_word' id='word_1_490' title='bbox 1758 5251 1912 5336; x_wconf 90' lang='lat' dir='ltr'><strong>indidem,</strong></span> 
     </span>
    </p>

    <p class='ocr_par' dir='ltr' id='par_1_12' title="bbox 294 5370 2022 5698">
     <span class='ocr_line' id='line_1_47' title="bbox 295 5370 2022 5465; baseline 0.003 -31"><span class='ocrx_word' id='word_1_491' title='bbox 295 5370 352 5435; x_wconf 89' lang='lat' dir='ltr'><strong>sed</strong></span> <span class='ocrx_word' id='word_1_492' title='bbox 375 5380 410 5436; x_wconf 87' lang='lat' dir='ltr'><strong>ut</strong></span> <span class='ocrx_word' id='word_1_493' title='bbox 432 5373 489 5437; x_wconf 79' lang='lat' dir='ltr'><strong>Cn.</strong></span> <span class='ocrx_word' id='word_1_494' title='bbox 516 5373 700 5457; x_wconf 90' lang='lat' dir='ltr'><strong>Pompeium</strong></span> <span class='ocrx_word' id='word_1_495' title='bbox 725 5371 903 5455; x_wconf 88' lang='lat' dir='ltr'><strong>Hispaniae</strong></span> <span class='ocrx_word' id='word_1_496' title='bbox 926 5371 1075 5436; x_wconf 90' lang='lat' dir='ltr'><strong>victorem</strong></span> <span class='ocrx_word' id='word_1_497' title='bbox 1099 5392 1120 5435; x_wconf 90' lang='lat' dir='ltr'><strong>a</strong></span> <span class='ocrx_word' id='word_1_498' title='bbox 1141 5370 1200 5434; x_wconf 84' lang='lat' dir='ltr'><strong>Cn.</strong></span> <span class='ocrx_word' id='word_1_499' title='bbox 1219 5371 1369 5454; x_wconf 92' lang='lat' dir='ltr'><strong>Pompeio</strong></span> <span class='ocrx_word' id='word_1_500' title='bbox 1384 5370 1673 5453; x_wconf 89' lang='lat' dir='ltr'><strong>Hierosolymorum</strong></span> <span class='ocrx_word' id='word_1_501' title='bbox 1697 5380 1916 5458; x_wconf 84' lang='lat' dir='ltr'><strong>expugnatore</strong></span> <span class='ocrx_word' id='word_1_502' title='bbox 2014 5458 2022 5465; x_wconf 74' lang='lat'><strong>..</strong></span> 
     </span>
     <span class='ocr_line' id='line_1_48' title="bbox 294 5490 1915 5577; baseline 0.002 -21"><span class='ocrx_word' id='word_1_503' title='bbox 294 5492 428 5577; x_wconf 90' lang='lat' dir='ltr'><strong>scriptor</strong></span> <span class='ocrx_word' id='word_1_504' title='bbox 450 5513 508 5557; x_wconf 95' lang='lat' dir='ltr'><strong>suo</strong></span> <span class='ocrx_word' id='word_1_505' title='bbox 531 5513 634 5558; x_wconf 90' lang='lat' dir='ltr'><strong>errore</strong></span> <span class='ocrx_word' id='word_1_506' title='bbox 657 5493 847 5574; x_wconf 90' lang='lat' dir='ltr'><strong>distinguat.</strong></span> <span class='ocrx_word' id='word_1_507' title='bbox 893 5493 1079 5576; x_wconf 88' lang='lat' dir='ltr'><strong>interposita</strong></span> <span class='ocrx_word' id='word_1_508' title='bbox 1102 5498 1176 5556; x_wconf 90' lang='lat' dir='ltr'><strong>sunt</strong></span> <span class='ocrx_word' id='word_1_509' title='bbox 1197 5490 1345 5556; x_wconf 89' lang='lat' dir='ltr'><strong>fabulosa</strong></span> <span class='ocrx_word' id='word_1_510' title='bbox 1373 5491 1474 5554; x_wconf 91' lang='lat' dir='ltr'><strong>multa</strong></span> <span class='ocrx_word' id='word_1_511' title='bbox 1502 5492 1695 5573; x_wconf 89' lang='lat' dir='ltr'><strong>pertinentia</strong></span> <span class='ocrx_word' id='word_1_512' title='bbox 1723 5492 1765 5556; x_wconf 91' lang='lat' dir='ltr'><strong>ad</strong></span> <span class='ocrx_word' id='word_1_513' title='bbox 1788 5493 1915 5560; x_wconf 86' lang='lat' dir='ltr'><strong>Galliae</strong></span> 
     </span>
     <span class='ocr_line' id='line_1_49' title="bbox 295 5611 1059 5698; baseline -0.003 -20"><span class='ocrx_word' id='word_1_514' title='bbox 295 5611 470 5679; x_wconf 87' lang='lat' dir='ltr'><strong>civitatium</strong></span> <span class='ocrx_word' id='word_1_515' title='bbox 493 5613 644 5695; x_wconf 87' lang='lat' dir='ltr'><strong>origines.</strong></span> <span class='ocrx_word' id='word_1_516' title='bbox 692 5611 808 5679; x_wconf 91' lang='lat' dir='ltr'><strong>deiude</strong></span> <span class='ocrx_word' id='word_1_517' title='bbox 832 5614 975 5698; x_wconf 90' lang='lat' dir='ltr'><strong>pergitur</strong></span> <span class='ocrx_word' id='word_1_518' title='bbox 997 5613 1059 5677; x_wconf 89' lang='lat' dir='ltr'><strong>sic:</strong></span> 
     </span>
    </p>
   </div>
   <div class='ocr_carea' id='block_1_9' title="bbox 0 0 2128 6082">
    <p class='ocr_par' dir='ltr' id='par_1_13' title="bbox 0 0 2128 6082">
     <span class='ocr_line' id='line_1_50' title="bbox 0 0 2128 6082; baseline 0 5"><span class='ocrx_word' id='word_1_519' title='bbox 0 0 2128 6082; x_wconf 95' lang='lat' dir='ltr'><strong> </strong></span> 
     </span>
    </p>
   </div>
  </div>
 </body>
</html>
