4246 6082
785 320 788 324 ⁵
892 330 1120 387 PROOEMIVM.
1674 323 1820 389 XXXIX

194 553 320 635 vixerit,
347 573 459 637 parum
482 559 621 631 cunstat;
648 553 839 619 crediderim
862 561 969 620 tamen
992 553 1159 639 scripsisse
1176 574 1248 619 eum
1263 572 1326 617 non
1341 552 1476 616 multum
1491 555 1566 614 6116
1582 547 1819 614 Cassiodorium

194 680 349 758 regnante
372 672 588 753 Theoderico,
627 680 819 756 antequem
843 676 1056 739 Romanorum
1079 674 1317 756 Gothorumque
1340 669 1540 737 coniunctum
1562 689 1695 753 regnum
1718 667 1820 733 stabi·
1915 705 1918 718 ·

194 793 325 859 lientem
347 793 401 858 vix
425 793 578 859 credibile
601 799 651 859 est
674 793 777 859 virum
801 795 927 860 doctum
951 794 1019 860 sive
1041 794 1180 860 Gothum
1204 793 1273 858 sive
1295 793 1474 857 Romanum
1496 790 1562 855 tale
1583 807 1663 873 opus
1686 806 1821 871 aggres-

194 932 302 978 surum
332 912 444 978 fuisse.
492 912 567 977 huic
588 913 755 996 probabile
779 922 828 979 est
849 913 1020 979 maximam
1044 922 1076 979 et
1098 912 1301 979 utilissimam
1331 917 1453 996 partem
1482 907 1633 974 historiae
1664 907 1820 973 Gothicae

195 1032 461 1099 Cassiodorianae
484 1031 611 1115 deberi,
645 1053 748 1116 neque
777 1033 987 1099 omittendum
1010 1032 1193 1119 primariam
1216 1031 1321 1117 operis
1344 1030 1534 1097 divisionem
1558 1027 1732 1095 secundum
1755 1035 1820 1094 tres

193 1152 367 1218 Gothorum
401 1152 496 1218 sedes
529 1153 665 1219 relatam
702 1174 731 1219 c.
758 1160 793 1233 5,
820 1156 947 1219 38-12
980 1153 1044 1238 ipsi
1071 1152 1210 1219 Ablabio
1242 1150 1476 1235 quodammodo
1510 1155 1675 1233 acceptam
1707 1147 1820 1213 referri

197 1274 236 1355 lc.
264 1276 313 1354 14,
340 1275 408 1356 81).
454 1271 644 1356 singillatim
668 1274 849 1340 Ablabiana
871 1279 906 1339 ut
927 1293 1156 1358 persequamur
1177 1292 1371 1355 quamquam
1393 1270 1463 1337 fieri
1486 1290 1549 1335 non
1570 1275 1687 1353 potest,
1712 1274 1819 1333 tamen

195 1391 251 1456 ubi
272 1391 315 1456 ad
337 1391 502 1459 cantiones
531 1392 687 1458 malornm
719 1400 907 1478 provocatur
940 1397 985 1476 (ut
1006 1393 1047 1457 de
1074 1391 1234 1478 capillatis
1265 1412 1293 1458 c.
1322 1396 1371 1472 11,
1396 1392 1445 1472 72)
1480 1390 1634 1472 legesque
1664 1386 1819 1453 Gothicae

191 1511 359 1594 belagines
389 1520 674 1578 commemorantur
701 1514 738 1597 (6.
762 1519 811 1597 11,
831 1518 881 1599 69)
909 1520 965 1580 611
986 1513 1148 1579 nominum
1171 1511 1292 1578 formae
1314 1510 1451 1596 produnt
1473 1509 1660 1593 scriptorem
1683 1507 1819 1574 Gothiae

191 1631 327 1712 doctum,
354 1631 388 1697 id
411 1632 496 1715 quod
519 1633 604 1698 cadit
629 1632 662 1698 in
693 1633 938 1718 descriptionem
962 1631 1121 1698 Scandiac
1149 1632 1186 1714 (c.
1211 1634 1238 1716 3)
1266 1639 1299 1698 61
1328 1637 1463 1696 stemma
1486 1629 1671 1694 Amalorum
1699 1631 1735 1712 (c.
1766 1630 1813 1712 14)

192 1758 225 1818 61
247 1750 446 1836 (lepidamm
469 1752 625 1836 originem
653 1755 691 1836 (c.
721 1757 768 1837 17)
796 1760 828 1820 61
849 1772 1018 1820 recensum
1039 1752 1229 1837 populorum
1251 1751 1285 1816 in
1311 1750 1435 1817 dIcione
1457 1747 1679 1815 Hennanarici
1701 1747 1818 1814 consti-

191 1877 330 1937 tutorum
362 1872 400 1954 (c.
427 1876 480 1954 23,
510 1875 602 1957 116),
633 1873 679 1939 111
701 1874 868 1958 probabile
890 1880 941 1939 cst
960 1872 1132 1938 Ablabium
1155 1879 1317 1938 auctorem
1340 1871 1483 1937 subesse.

277 1991 386 2057 XXII.
411 1992 621 2058 8111111116
648 1994 699 2059 ‘in
722 1994 832 2077 quinto
854 1993 1006 2060 historiae
1028 1993 1124 2059 libro'
1149 2011 1177 2058 c.
1206 1996 1255 2074 15,
1283 1995 1322 2056 83
1352 1989 1402 2073 (cl.
1428 2009 1455 2055 c.
1479 1991 1529 2074 88)
1556 1989 1654 2054 vitam
1677 1987 1816 2072 impera·
1831 2000 1972 2052 symm-chus

191 2111 268 2178 toris
289 2111 457 2177 Maximini
479 2112 650 2178 cnanavit.
698 2114 874 2180 secundum
896 2113 1088 2180 anecdotum
1111 2112 1182 2178 cod.
1208 2109 1466 2177 Caroliruhcnsis
1497 2108 1590 2192 (infra
1618 2129 1651 2192 p.
1675 2107 1814 2191 XXXX)

192 2233 404 2316 Symmachus
438 2234 547 2298 consul
580 2232 760 2299 ordinarius
790 2255 821 2299 a.
848 2236 910 2298 185
947 2235 1030 2317 (eum
1059 2233 1144 2299 enim
1175 2231 1349 2315 significari
1380 2238 1465 2296 recte
1493 2227 1655 2295 intellexit
1682 2229 1813 2310 Vsener)

196 2355 365 2436 ‘parentes
387 2372 462 2418 suos
484 2352 627 2419 imitatus
651 2353 817 2419 historiam
840 2374 967 2436 quoque
983 2355 1158 2418 Romanam
1182 2359 1306 2437 septem
1322 2351 1411 2416 libris
1427 2349 1552 2430 edidit',
1579 2349 1670 2414 cuius
1692 2355 1820 2433 praeter

191 2471 430 2539 Cassiodorium
453 2493 547 2538 nemo
569 2474 723 2540 meminit.
770 2475 858 2539 locus
880 2493 974 2557 quern
998 2474 1141 2540 servavit
1162 2472 1316 2538 Iordanes
1338 2491 1409 2537 curn
1432 2469 1630 2535 adverbum
1653 2467 1720 2534 fere
1743 2488 1819 2533 con-

191 2590 302 2658 veniat
323 2612 394 2658 cum
418 2592 608 2674 narratione,
636 2614 732 2675 quam
755 2594 893 2676 legimus
915 2592 1028 2658 16611
1050 2594 1117 2658 vita
1131 2591 1298 2657 Maximini
1320 2591 1443 2676 corpori
1462 2589 1650 2674 scriptorum
1666 2588 1819 2654 historiae

190 2713 356 2795 Augustae
385 2711 507 2779 inserta
536 2714 596 2778 sub
626 2713 753 2779 nomine
776 2714 852 2779 Iulii
875 2713 1066 2799 Capitolini,
1099 2712 1161 2778 nisi
1185 2714 1271 2795 quod
1293 2691 1545 2778 Christianorum
1568 2707 1818 2794 persecutionem

140 2832 148 2844 '
191 2830 367 2897 Maximino
389 2832 562 2916 exprobrat
575 2833 787 2922 Symmachus
809 2839 938 2900 secutus
952 2839 1099 2898 auctores
1113 2832 1305 2898 christianos
1326 2829 1495 2913 [Eusebius
1511 2829 1587 2895 hist.
1605 2828 1684 2894 eccl.
1704 2832 1732 2910 6,
1754 2831 1813 2906 28;

190 2952 281 3018 Oros.
307 2957 337 3032 7,
368 2953 415 3036 111)
451 2973 586 3035 eamque
617 2952 729 3018 ruinae
757 2951 828 3019 cius
858 2971 988 3045 causam
1018 2952 1120 3018 fuisse
1142 2951 1188 3018 ait
1209 2949 1314 3034 magis
1337 2971 1394 3035 pro
1418 2969 1477 3014 sua
1498 2948 1618 3032 pietate
1641 2969 1737 3031 quam
1759 2969 1815 3032 pro

188 3071 323 3138 veritate
345 3072 402 3153 rei,
431 3072 562 3137 dubium
586 3093 649 3137 non
671 3079 720 3138 est
742 3092 783 3138 cx
805 3072 869 3151 illov
884 3092 1013 3157 corpore
1036 3071 1263 3156 Symmachum
1287 3089 1346 3135 sua
1368 3075 1545 3135 mutuatum
1568 3087 1652 3134 csse.

277 3192 401 3256 XXIII.
427 3191 672 3257 Cousvunnrvn
695 3192 833 3277 vestigia
853 3192 886 3257 11
904 3191 1036 3275 Geticis,
1063 3191 1186 3258 scilicet
1207 3190 1240 3257 in
1262 3197 1353 3275 parte
1375 3210 1459 3272 quae
1474 3187 1670 3254 cassiodorii
1692 3195 1748 3253 aut
1768 3185 1975 3279 estgfflgglifll·

190 3319 246 3378 aut
261 3319 345 3377 certe
361 3331 433 3377 esse
448 3319 555 3395 potest
574 3313 656 3394 (nam
674 3311 714 3377 de
730 3312 854 3397 reliqua
870 3333 967 3397 supra
982 3334 1014 3397 p.
1032 3312 1146 3377 XXIX
1162 3311 1326 3393 diximus),
1353 3315 1479 3394 practer
1494 3308 1689 3393 paucissima
1703 3307 1818 3374 Hiero-

189 3432 343 3515 nymiana
358 3438 391 3497 61
405 3432 627 3517 Prosperiana,
653 3432 694 3499 dc
717 3432 833 3515 quibus
855 3454 888 3518 p.
906 3433 1028 3498 XXVI.
1054 3431 1197 3497 XXXIV
1220 3431 1339 3497 dictum
1363 3437 1421 3513 661,
1449 3435 1607 3515 apparent
1623 3428 1758 3494 16116666
1774 3428 1816 3493 ad

190 3572 220 3617 a.
246 3555 414 3616 411-127
440 3572 468 3617 c.
494 3556 546 3635 32,
575 3556 646 3618 165.
676 3555 754 3634 166,
787 3559 874 3618 66116
897 3552 940 3618 ad
962 3573 994 3617 a.
1020 3556 1188 3616 455-477
1213 3571 1270 3637 per
1292 3571 1320 3616 6.
1345 3555 1398 3615 45.
1424 3553 1482 3614 46ε
1516 3543 1690 3634 coeperunt
1718 3548 1817 3631 igitur

193 3678 250 3737 aut
271 3692 291 3736 a
314 3670 376 3737 fine
393 3672 543 3757 Prospeu'
558 3679 630 3753 aut,
657 3672 742 3756 quod
758 3673 862 3755 magis
878 3671 1078 3754 crediderim,
1104 3693 1124 3736 a
1138 3672 1201 3737 fine
1216 3670 1414 3755 Hieronymi.
1452 3670 1499 3735 ita
1512 3675 1618 3734 autem
1633 3675 1818 3753 comparata

185 3791 329 3874 suerunt,
355 3798 390 3858 ut
411 3792 444 3857 in
467 3813 507 3857 66
527 3792 604 3858 item
626 3791 815 3878 perveniant
836 3812 921 3875 quac
939 3793 1007 3858 1666
1029 3791 1123 3857 modo
1145 3791 1241 3857 citato
1264 3790 1498 3875 disputavimus
1520 3790 1562 3855 dc
1583 3789 1747 3855 annalium
1772 3789 1814 3854 ab

90 3901 92 3904 ’
190 3911 326 3977 Iordane
350 3910 569 3978 adhibitorum
592 3933 664 3979 cum
687 3912 938 3978 MarcellinianIs
961 3920 993 3977 ct
1015 3911 1224 3977 similitudine
1246 3916 1279 3976 61
1300 3909 1496 3975 diversitate.
1536 3907 1660 3974 accedit
1688 3909 1721 3974 in
1749 3909 1812 3988 116,

188 4032 273 4114 quod
289 4030 511 4097 Cassiodorius
533 4032 675 4098 scribens
691 4031 819 4098 111616.
839 4034 900 4096 526
917 4039 949 4097 61
966 4034 1027 4096 533
1043 4030 1220 4097 Marcellini
1244 4031 1392 4096 volumen
1414 4029 1534 4095 editum
1557 4049 1589 4093 a.
1606 4027 1734 4093 demum
1751 4033 1812 4093 531

186 4151 342 4217 61111616
364 4171 426 4216 161
449 4151 567 4236 potuit;
600 4152 641 4217 ab
664 4172 703 4217 eo
725 4157 832 4217 autem
855 4152 936 4217 haec
957 4150 1131 4236 proficisci,
1157 4151 1284 4216 16161
1306 4149 1444 4215 Iordane
1466 4149 1633 4233 probabile
1656 4155 1715 4230 est,
1742 4169 1813 4214 curn

186 4271 376 4336 narrationis
398 4277 488 4337 tenor
517 4271 606 4337 nullo
635 4271 728 4337 modo
757 4270 875 4352 variet,
910 4291 1014 4352 neque
1043 4270 1186 4336 defuisse
1209 4269 1411 4336 Cassiodorio
1439 4270 1551 4334 horum
1579 4289 1703 4354 quoque
1731 4276 1813 4334 tem-

187 4411 297 4476 porum
327 4390 509 4456 consularia
537 4391 590 4456 vel
620 4409 661 4456 ex
691 4390 839 4457 chronico
869 4392 910 4456 ab
940 4391 1010 4475 ipso
1038 4412 1069 4456 a.
1101 4395 1163 4453 519
1193 4390 1280 4456 edito
1309 4390 1525 4472 intellegatur.
1556 4427 1598 4437 -
1628 4389 1755 4457 Deinde
1780 4391 1813 4455 in

186 4511 281 4577 rebus
303 4510 495 4577 Theoderici
523 4510 692 4576 narrandis
717 4510 941 4577 Cassiodorius
969 4510 1167 4596 adsumpsit,
1199 4517 1234 4576 ut
1262 4510 1373 4576 debuit
1401 4517 1434 4576 ct
1464 4517 1498 4575 ut
1525 4518 1601 4577 ante
1631 4511 1752 4577 fecerat
1779 4512 1812 4576 in

187 4629 334 4697 chronico
365 4631 457 4696 modo
487 4629 599 4712 citato,
634 4631 816 4698 consularia
845 4652 884 4698 ea
912 4651 994 4713 quac
1024 4630 1119 4697 hodie
1149 4630 1213 4696 dici
1243 4631 1348 4697 solent
1368 4630 1569 4696 Ravennatis
1594 4638 1661 4696 tota
1689 4631 1812 4697 imbuta

186 4751 299 4836 spiritu
322 4750 416 4835 regni-
436 4750 691 4833 Theodericiani,
719 4752 787 4818 sive
810 4772 850 4817 ea
872 4751 999 4836 publico
1022 4750 1154 4816 consilio
1176 4750 1266 4817 edita
1287 4757 1362 4817 sunt
1383 4751 1463 4831 sive,
1489 4752 1576 4834 quod
1591 4751 1812 4836 prudentiores

186 4871 389 4955 praeferent,
415 4892 435 4934 a
458 4871 625 4936 laudatore
648 4871 755 4954 aliquo
779 4877 881 4937 status
910 4872 1099 4956 praesentis.
1147 4873 1213 4936 suis
1235 4871 1406 4936 annalibus
1429 4892 1622 4955 quamquam
1644 4892 1706 4936 non
1735 4890 1812 4936 usus

186 4997 236 5056 est
257 4997 386 5074 propter
408 4990 607 5073 brevitatem,
635 4991 695 5056 Ioci
718 5011 797 5074 quos
820 4992 864 5057 ibi
879 4992 1091 5076 Prosperiana
1112 4992 1262 5057 brevians
1284 4992 1324 5055 ob
1341 4991 1478 5057 Gothica
1500 4991 1606 5056 studia
1621 4998 1808 5074 mutaverat,

185 5110 218 5175 11
242 5109 364 5175 Geticis
391 5110 487 5194 plane
515 5109 662 5176 similiter
682 5118 876 5195 tractantur,
911 5120 945 5179 ut
972 5112 1235 5178 demonstrabunt
1263 5132 1346 5194 quac
1371 5110 1523 5177 adnotavi
1553 5131 1581 5175 c.
1610 5113 1659 5194 18,
1689 5112 1812 5177 163116

186 5229 303 5309 Decio,
338 5250 365 5295 6.
393 5232 442 5311 28,
474 5234 530 5293 111
564 5230 604 5295 dc
627 5230 837 5314 Athanarico,
871 5252 899 5297 c.
926 5237 978 5314 30,
1007 5237 1066 5296 154
1097 5231 1138 5297 (16
1167 5229 1290 5316 proelio
1319 5230 1515 5313 Pollentino,
1549 5251 1577 5296 6.
1604 5233 1655 5312 30,
1684 5235 1744 5296 156
1772 5233 1812 5298 de

186 5351 287 5415 Roma
310 5356 414 5434 capta,
440 5371 469 5415 c.
495 5353 546 5433 32,
576 5354 636 5415 166
660 5352 700 5417 de
724 5350 939 5417 vandalorum
962 5353 995 5416 in
1018 5352 1192 5436 Hispanias
1217 5350 1338 5433 ‘Iuga’,
1365 5354 1548 5434 6111209
1573 5353 1612 5417 de
1635 5352 1757 5436 proelio
1779 5353 1812 5417 in

186 5469 308 5554 campis
330 5470 568 5551 Catalaunicis,
602 5492 630 5536 c.
656 5475 707 5552 11,
735 5475 793 5535 221
821 5471 861 5537 de
884 5470 1049 5537 obsidione
1072 5471 1252 5554 Aquileiae.
1299 5471 1475 5536 luculenter
1504 5470 1603 5556 igitur
1631 5473 1663 5537 in
1691 5472 1813 5538 minore

187 5610 283 5675 opere
305 5589 451 5675 germina
473 5598 629 5676 apparent
651 5591 793 5659 maioris.
