4246 6082
325 334 499 399 XXXVIII
1024 335 1254 394 Paoonulvn.

324 577 361 622 se
387 556 504 622 iecisse
532 557 603 641 ipsc
633 565 742 641 negat.
789 579 863 624 nam
894 558 949 643 qui
975 559 1087 625 scribit
1115 560 1152 642 (c.
1178 566 1209 642 5,
1236 562 1306 643 38):
1345 562 1423 625 ‘nec
1445 580 1553 625 eorum
1576 559 1704 626 fabulas
1727 561 1846 628 alicubi
1875 582 1952 647 rep

326 676 483 760 ‘perimus
513 677 668 761 scriptas,
703 678 757 760 qui
783 698 838 744 eos
873 678 1015 763 (Gothos)
1049 679 1160 746 dieunt
1189 679 1222 744 in
1252 679 1411 745 Brittania
1436 680 1558 744 ...in
1588 681 1774 747 servitutem
1803 681 1953 747 redactos

328 800 377 861 ‘et
397 795 431 861 in
455 796 549 862 nnius
572 797 692 863 caballi
714 797 816 882 pretio
839 797 1019 882 aquodam
1042 802 1183 884 creptos'
1214 806 1247 866 et
1275 800 1516 884 reprehendens
1546 819 1602 865 eos
1630 801 1685 883 qui
1711 800 1752 866 dc
1775 800 1951 867 Gothorum

323 916 447 998 origine
470 917 565 984 alitor
587 925 684 1002 atque
706 917 777 1002 ipse
801 925 943 985 statuant
971 919 1120 1003 adiungit
1152 921 1229 985 ‘nos
1251 920 1357 1004 potius
1379 919 1508 985 lectioni
1531 919 1691 985 credimus
1714 941 1809 1002 quarn
1832 921 1953 987 sabulis

325 1037 484 1102 ‘anilibus
508 1037 736 1102 consentimus'
772 1037 975 1120 {cassiodorii
999 1039 1083 1104 enirn
1106 1039 1211 1123 magis
1233 1040 1315 1105 haec
1337 1040 1444 1105 onmia
1466 1058 1538 1105 esse
1561 1060 1655 1123 quam
1680 1040 1825 1106 Iordanis
1847 1063 1953 1127 paene

322 1163 444 1221 certum
475 1159 555 1240 est),
587 1156 616 1221 is
647 1157 726 1221 satis
756 1157 917 1240 significat
946 1157 1101 1240 quidquid
1130 1158 1266 1241 reserat,
1300 1179 1340 1225 err
1370 1159 1461 1223 libris
1492 1179 1527 1223 se
1558 1160 1751 1245 sumpsisse,
1784 1161 1952 1247 ipsiusque

321 1276 419 1340 huius
442 1275 483 1341 de
506 1275 724 1360 redemptione
740 1276 916 1343 Gothorum
939 1297 980 1343 ex
995 1279 1162 1345 Britannia
1184 1278 1324 1344 iabcilae
1347 1279 1488 1360 aliquam
1513 1280 1843 1346 commemorationem
1863 1281 1952 1366 apud

322 1402 485 1461 auctorem
509 1396 578 1461 sinc
601 1396 699 1461 dubio
723 1396 946 1480 deprehendit.
985 1397 1019 1463 id
1041 1405 1148 1464 autern
1172 1400 1200 1464 si
1222 1399 1268 1464 ita
1290 1405 1349 1480 est,
1375 1398 1459 1463 inter
1476 1405 1623 1465 auctores
1640 1399 1695 1480 qui
1711 1400 1849 1466 citantur
1862 1402 1952 1485 apud

322 1515 493 1580 Iordanem
516 1516 625 1580 nullus
648 1522 707 1598 est,
734 1515 785 1582 cui
808 1516 868 1580 has
883 1517 1011 1582 fabulas
1026 1525 1176 1602 acceptas
1196 1519 1278 1584 ieme
1294 1518 1401 1602 possis
1416 1525 1550 1603 excepto
1565 1518 1713 1584 Ablabio.
1754 1520 1823 1586 eius
1840 1541 1858 1586 c
1874 1540 1953 1586 eon-

321 1634 419 1700 trario
442 1634 483 1700 dc
507 1635 642 1700 Gotlrica
664 1635 798 1701 historia
820 1637 934 1703 merita
956 1618 1007 1702 rel
1031 1637 1064 1702 in
1087 1638 1227 1723 epitoma
1250 1638 1294 1703 ita
1317 1637 1559 1722 praedicantur,
1594 1646 1628 1704 ut
1654 1638 1836 1704 distinctum
1866 1640 1953 1706 inter

322 1761 468 1820 auctores
491 1754 652 1821 adhibitos
674 1763 905 1822 memoratosve
929 1756 1032 1822 locum
1055 1757 1085 1822 ei
1107 1778 1170 1822 non
1193 1757 1353 1840 possimus
1376 1777 1438 1822 non
1460 1757 1612 1823 tribuero.
1657 1759 1743 1824 locos
1758 1760 1875 1843 quibus
1891 1761 1952 1826 ad-

322 1874 448 1956 legatur
470 1874 526 1939 ubi
549 1876 787 1957 examinamus,
821 1875 957 1960 primum
989 1876 1064 1941 inde
1094 1877 1232 1943 eflicitur
1253 1877 1426 1942 Ablabium
1457 1898 1520 1942 non
1550 1878 1583 1942 in
1605 1898 1710 1945 rernm
1733 1880 1951 1946 Romanarum

322 1994 524 2061 enarratione
547 1994 588 2060 de
611 1995 726 2060 Gothis
749 1995 889 2077 dixisse,
923 1995 982 2060 sed
1005 1995 1045 2061 dc
1068 1995 1150 2080 ipsis
1172 1997 1268 2063 rebus
1291 1996 1438 2063 Gothicis
1461 1998 1706 2064 commentarios
1728 1997 1889 2082 edidisse,
1915 2001 1951 2067 id

323 2113 408 2195 quod
430 2134 470 2178 ex
492 2114 675 2180 auctoribus
697 2115 784 2199 apud
807 2114 977 2181 Iordanem
999 2115 1138 2182 laudatis
1160 2124 1329 2200 practerea
1351 2118 1384 2182 in
1406 2117 1542 2182 Dionem
1562 2117 1822 2202 chrysostomum
1846 2121 1950 2186 solum

322 2232 418 2298 cadit.
466 2233 583 2299 deinde
615 2254 727 2300 omnes
757 2235 930 2300 ostendunt
958 2236 1128 2301 Ablabium
1160 2236 1267 2320 egisse
1297 2237 1338 2302 de
1368 2237 1544 2303 Gothorum
1573 2236 1767 2320 originibus,
1801 2238 1835 2304 id
1863 2239 1951 2322 quod

321 2353 465 2436 proxime
488 2353 689 2419 coniunctum
712 2361 854 2419 osteum
876 2355 1092 2420 narrationum
1115 2357 1242 2421 illarum
1266 2357 1466 2441 popularium
1482 2356 1648 2422 relatione.
1690 2355 1828 2441 denique
1846 2359 1951 2443 primo

322 2472 391 2537 loco
421 2493 503 2555 quae
533 2474 574 2538 dc
609 2474 740 2558 ‘priscis
763 2475 935 2540 Gothorum
961 2475 1154 2541 carminibus
1177 2496 1280 2560 paene
1303 2475 1451 2542 historico
1475 2476 1552 2541 ritu*
1583 2477 1773 2560 afferuntur,
1805 2478 1850 2544 ita
1873 2498 1950 2544 con-

321 2591 431 2657 iuncta
460 2600 535 2658 sunt
564 2614 635 2659 cum
666 2594 794 2659 Ablabii
823 2594 1138 2678 commemoratione,
1172 2603 1207 2661 ut
1235 2594 1278 2660 ad
1306 2595 1412 2680 ipsum
1442 2596 1523 2661 haec
1552 2616 1679 2679 quoqne
1708 2597 1868 2681 pertinere
1897 2598 1950 2663 vi-

322 2712 457 2777 deantur
467 2715 518 2797 73).
558 2721 726 2799 praeterea
748 2735 787 2779 ex
810 2715 903 2781 tertio
921 2716 989 2782 loco
1006 2714 1142 2781 efficitur
1157 2714 1297 2781 Graecos
1312 2723 1458 2782 auctores
1474 2717 1516 2781 ab
1531 2715 1668 2781 Ablabio
1684 2716 1844 2782 adhibitos
1860 2738 1945 2801 csse,

322 2851 393 2896 cum
416 2853 457 2898 cx
480 2854 518 2898 co
548 2835 684 2900 citantur
711 2855 794 2919 quac
822 2843 946 2901 constat
975 2854 1047 2900 csse
1070 2835 1221 2920 Dexippi.
1268 2835 1377 2917 itaque
1403 2856 1476 2901 cunr
1498 2856 1563 2900 non
1586 2836 1687 2901 solum
1711 2835 1848 2902 Gothica
1870 2836 1949 2902 doc-

321 2952 421 3032 trina,
455 2955 560 3037 qualis
584 2955 784 3040 Iordanianis
806 2955 906 3034 inest,
938 2956 995 3020 sed
1019 2954 1144 3020 Graeca
1167 2976 1291 3039 quoque
1314 2954 1511 3020 Cassiodorii
1534 2955 1699 3037 ingenium
1722 2975 1875 3041 superare
1898 2957 1950 3022 vi-

322 3071 451 3153 deatur,
486 3074 583 3139 etiam
611 3074 706 3139 huius
737 3076 851 3140 bonum
882 3081 1005 3158 partem
1035 3096 1092 3159 per
1114 3075 1286 3140 Ablabium
1310 3095 1401 3139 suam
1425 3096 1496 3140 cum
1520 3075 1636 3140 iecisse
1660 3074 1862 3141 crediderim.
1909 3098 1952 3143 ca

322 3193 509 3276 praesertim
533 3214 616 3276 quac
639 3215 678 3258 err
701 3194 809 3258 Prisco
832 3194 971 3259 citantur
992 3195 1034 3259 ab
1053 3193 1191 3259 Ablabio
1214 3194 1371 3278 proficisci
1394 3195 1469 3260 inde
1493 3195 1660 3279 probabile
1682 3195 1836 3276 redditur,
1862 3197 1951 3277 quod

218 3285 224 3298 ι
321 3333 404 3395 quae
428 3312 468 3378 de
483 3313 633 3396 Vidigoia
656 3320 750 3378 cantu
773 3312 927 3377 maiorum
952 3313 1112 3378 celebrato
1135 3313 1303 3379 traduntur
1325 3313 1450 3378 duobus
1473 3313 1552 3378 loeis
1575 3333 1602 3378 c.
1629 3319 1659 3397 5,
1679 3318 1719 3379 43
1743 3321 1776 3379 et
1799 3318 1850 3397 34,
1873 3320 1946 3398 178,

322 3432 391 3497 sinc
425 3432 521 3498 dubio
555 3433 595 3497 ab
629 3452 668 3497 eo
701 3440 830 3498 auctore
864 3433 1005 3517 profecta
1035 3440 1126 3513 sunt,
1163 3453 1183 3496 a
1216 3453 1277 3516 quo
1308 3433 1463 3498 Gothicae
1497 3433 1696 3498 narrationes
1730 3434 1877 3516 veniunt,
1915 3437 1951 3501 id

322 3561 372 3618 est
393 3553 421 3617 si
445 3574 555 3618 verum
578 3552 717 3616 vidimus
740 3554 781 3617 ab
796 3554 943 3635 Ablabio,
970 3553 1072 3617 altero
1094 3559 1201 3618 autern
1226 3553 1294 3617 loco
1317 3573 1388 3617 curn
1409 3552 1509 3617 Prisci
1532 3553 1688 3618 relatione
1711 3554 1756 3618 ita
1778 3553 1947 3639 implicita,

321 3679 357 3738 ut
379 3672 616 3739 Cassiodorium
649 3680 815 3754 utramque
844 3673 1033 3738 narrationis
1063 3679 1187 3757 partem
1216 3672 1321 3757 ipsum
1345 3672 1547 3737 coniunxisse
1570 3693 1682 3756 parurn
1705 3674 1870 3757 probabile
1893 3675 1948 3740 sit.

320 3793 396 3858 item
426 3794 460 3858 in
490 3794 670 3859 narratione
701 3792 741 3857 dc
771 3792 894 3875 origine
922 3792 1108 3857 Hunnorum
1138 3812 1220 3875 quae
1249 3792 1358 3857 Prisco
1387 3798 1520 3876 accepta
1550 3793 1694 3857 teruntur
1727 3813 1872 3877 quaeque
1907 3794 1949 3860 de

322 3914 532 3979 Haliurunnis
560 3920 728 3978 narrantur
757 3913 845 3978 nullo
874 3911 967 3977 modo
997 3911 1041 3976 ad
1070 3912 1212 3976 Priscum
1242 3911 1412 3978 referenda
1440 3911 1485 3977 ita
1519 3913 1589 3996 pari
1622 3918 1731 3977 tenore
1764 3911 1946 3996 decurrunt,

322 4040 356 4098 ut
378 4033 483 4115 magis
506 4033 681 4098 credideris
704 4032 785 4098 duas
809 4032 1006 4097 narrationes
1029 4052 1092 4095 non
1115 4030 1305 4097 conflavisse
1328 4031 1582 4114 Cassiodoriunr,
1617 4032 1675 4096 scd
1698 4031 1851 4097 conflatas
1874 4041 1949 4100 ante

321 4153 529 4237 expilavisse.
561 4191 604 4200 —
633 4154 722 4217 Haec
744 4153 771 4217 si
795 4159 879 4217 recte
902 4152 1065 4236 disputata
1088 4159 1179 4234 sunt,
1213 4151 1273 4217 fuit
1302 4150 1432 4235 quidam
1457 4152 1524 4215 sive
1548 4151 1671 4215 Gothus
1695 4151 1763 4216 sive
1786 4153 1949 4218 Romanus

321 4272 505 4338 Graecusre
529 4273 664 4339 Gotlrice
687 4272 816 4353 doctus,
851 4279 936 4337 certe
958 4272 1012 4355 qui
1034 4271 1154 4356 pariter
1176 4278 1272 4355 atque
1295 4269 1541 4337 Amalasuintha
1562 4278 1628 4337 tres
1651 4271 1779 4354 linguas
1802 4272 1945 4357 calleret,

320 4394 447 4458 nourine
469 4393 646 4476 Ablabius,
680 4393 733 4474 qui
758 4393 790 4456 in
815 4392 987 4457 Gothorum
1012 4392 1151 4474 origines
1174 4399 1206 4456 ct
1228 4412 1279 4457 res
1302 4397 1412 4474 gestas
1433 4391 1598 4474 inquirens
1619 4397 1685 4455 tarn
1708 4391 1847 4475 ipsorum
1872 4412 1950 4457 can-

321 4520 373 4578 tus
403 4520 546 4579 vetustos
576 4512 608 4577 in
639 4532 731 4577 usum
762 4518 891 4577 vocaret
920 4533 1015 4593 quam
1039 4511 1232 4577 Graecorum
1262 4518 1426 4576 auctorum
1456 4510 1666 4576 narrationes.
1713 4531 1775 4595 quo
1805 4519 1947 4597 tempore

339 4726 344 4731 .
363 4725 566 4731 ——-—.---.
582 4725 591 4729 -
601 4723 730 4730 ..η-...η

410 4860 451 4923 73)
473 4861 587 4910 Similem
607 4860 758 4909 sententiam
777 4872 833 4906 cnm
852 4859 910 4906 olim
930 4858 1048 4918 Syhelins
1065 4859 1243 4921 proposuisset,
1264 4862 1349 4906 contra
1366 4858 1434 4905 dixit
1446 4856 1561 4906 Scbirren
1579 4872 1604 4919 p.
1621 4856 1653 4906 36
1672 4858 1806 4920 ipsumque
1819 4857 1948 4917 Sybelium

325 4948 484 5009 (armarium
503 4947 543 4998 ed.
558 4946 574 4996 2
592 4961 616 5009 p.
635 4944 693 5007 193}
714 4947 762 4993 iarn
781 4945 857 4991 habet
875 4945 1068 4993 adsentientem.
1100 4945 1182 4993 nihilo
1200 4945 1284 4991 minus
1303 4943 1346 4991 illa
1363 4945 1449 5005 opinio
1467 4949 1573 4991 catanus
1592 4943 1652 4991 milri
1671 4950 1737 4991 certa
1755 4944 1865 5002 ridetur,
1886 4958 1948 5005 qna·

321 5039 397 5082 tenus
416 5048 459 5095 per
478 5036 591 5081 barbaras
610 5033 654 5080 has
673 5034 789 5080 tenebras
806 5031 837 5078 ad
855 5037 946 5078 certam
965 5034 1154 5093 persuasionem
1173 5031 1298 5092 perveniri
1318 5036 1409 5091 potest.
1442 5031 1551 5091 primurn
1575 5031 1639 5092 quod
1664 5036 1795 5091 opponunt
1812 5030 1948 5079 Ablabium

323 5133 372 5167 nou
393 5119 576 5167 commemorari
602 5119 628 5165 in
648 5119 794 5179 migratione
814 5117 951 5165 Gothorum
969 5131 983 5164 e
1004 5116 1111 5165 Scaudio
1130 5118 1155 5164 irr
1175 5115 1318 5177 Scythiam,
1346 5117 1388 5165 sed
1407 5117 1578 5164 tantummodo
1597 5118 1624 5163 lu
1643 5118 1718 5164 rebus
1736 5117 1873 5177 Scythicis,
1901 5118 1948 5165 ali·

320 5205 383 5278 pnid
402 5205 519 5266 ponderis
536 5206 654 5263 haberet,
675 5206 695 5252 si
715 5205 861 5252 narrationis
880 5203 945 5250 alius
963 5209 1048 5251 auctor
1066 5204 1205 5250 aiierretrrr.
1245 5208 1270 5249 at
1288 5217 1345 5250 cum
1364 5202 1450 5250 nullus
1468 5202 1629 5261 adscribatur,
1650 5215 1699 5249 non
1719 5202 1741 5249 is
1761 5200 1878 5249 iordanes
1896 5207 1945 5264 est,

322 5306 395 5353 quem
413 5296 468 5339 tuto
488 5291 625 5339 contendas
650 5304 679 5338 eo
703 5292 755 5352 ipso
780 5291 845 5350 loro,
870 5302 919 5350 quo
937 5291 1045 5350 primurn
1065 5290 1183 5350 scriptore
1201 5289 1286 5349 aliquo
1305 5290 1400 5348 utitur,
1428 5291 1483 5336 eius
1502 5301 1591 5335 nomen
1610 5288 1734 5350 posuisse.
1772 5287 1863 5336 deinde
1881 5289 1947 5349 quod

321 5379 394 5426 aluut
411 5377 462 5425 loco
479 5379 593 5438 primario
611 5392 632 5425 c.
653 5375 678 5435 l,
696 5375 729 5425 28
747 5378 856 5423 carmina
874 5376 1009 5423 Gothorum
1029 5389 1076 5422 nou
1096 5374 1232 5422 socrrndrrm
1252 5376 1386 5423 Ablabiurn
1406 5374 1510 5431 laudari,
1532 5375 1607 5422 iurruo
1626 5376 1698 5422 iuxta
1715 5374 1775 5434 poni
1794 5375 1904 5421 carmina
1922 5378 1949 5421 et

321 5465 419 5526 ipsum,
444 5477 531 5511 rernm
550 5469 603 5523 est3
630 5462 673 5510 scd
693 5463 729 5509 ita
747 5463 918 5523 compilatores
936 5474 1022 5508 omnes
1040 5466 1118 5519 agunt
1135 5462 1236 5522 egitque
1258 5463 1313 5521 ipse
1332 5461 1449 5507 iordanes
1474 5459 1527 5506 sive
1550 5461 1571 5506 is
1590 5460 1761 5508 Cassiodorius
1787 5464 1841 5521 est,
1867 5460 1948 5507 citans

320 5566 343 5602 c.
363 5550 379 5600 2
399 5551 497 5599 bivium
516 5555 542 5598 st
559 5548 717 5607 Cornelium,
739 5551 780 5596 ubi
800 5548 900 5596 Tacitus
919 5547 1047 5595 adbibitus
1065 5554 1104 5595 est
1124 5549 1220 5595 livium
1240 5547 1353 5594 lsrrrlarrs.
1393 5545 1491 5606 losephi
1510 5559 1607 5606 quoque
1626 5547 1695 5594 locus
1720 5545 1785 5593 baud
1804 5547 1854 5593 seio
1872 5559 1903 5592 au
1922 5549 1949 5593 et

322 5641 376 5703 ipss
394 5652 427 5688 ss
446 5639 552 5686 Ablablo
570 5636 595 5683 lu
615 5634 802 5684 Cassiodoriana
822 5637 928 5686 reuerit.
