4246 6082
950 329 1181 386 PROOEMIVM.
1786 327 1879 392 XXV

254 560 364 639 ooqcrr'
384 555 466 639 legit
486 556 571 621 Iord.
598 562 699 636 recte,
733 575 851 639 αιιφινε
873 554 1007 633 Bamb,
1041 558 1161 637 carperet
1183 554 1284 634 Nam,
1315 554 1391 617 item
1414 553 1499 617 Flor.
1530 557 1557 632 l,
1587 556 1634 630 ll,
1666 556 1703 614 10
1726 580 1767 606 =
1790 550 1875 615 Iord.

254 697 287 760 p.
309 679 359 758 15,
378 679 415 738 21
436 680 575 739 Mosaios
598 674 685 759 apud
700 673 870 739 Iordanem
887 655 1077 753 est'rueoios,
1104 675 1137 739 in
1153 674 1266 738 Bamb.
1285 676 1450 753 mercentur,
1476 673 1509 737 in
1523 673 1604 737 Nau.
1624 673 1786 736 sternitur.
1820 670 1878 736 sed

255 817 317 861 non
341 796 457 863 desunt
479 814 601 861 errores
624 794 749 879 utrique
765 795 852 859 Flori
873 794 955 860 libro
970 815 1042 860 cum
1058 793 1194 861 Iordane
1209 811 1404 876 communes,
1430 793 1464 859 id
1480 801 1530 860 est
1544 792 1672 858 saeculo
1688 799 1779 857 sexto
1793 791 1878 856 anti-

254 916 393 999 quiores,
418 922 454 981 ut
475 915 561 980 Ilor.
586 918 617 997 2,
645 917 673 995 2,
702 917 741 979 31
766 945 809 970 =
830 915 914 980 Iord.
940 936 973 999 p.
991 918 1044 997 2¹,
1063 919 1103 979 35
1127 918 1410 999 imperiagentium
1431 934 1489 998 pro
1512 917 1763 977 r'otcrr'ooeotr‘um.
1781 951 1825 960 -
1839 912 1877 976 In

253 1036 415 1100 Floriauis
438 1035 488 1100 his
510 1035 716 1101 recensendis
738 1034 799 1101 hoc
820 1035 926 1118 tenui,
957 1042 993 1100 ut
1014 1035 1160 1100 Iordanis
1190 1036 1358 1101 lectionem
1388 1034 1575 1119 simpliciter
1602 1040 1876 1118 repraesentarem

253 1174 356 1238 neque
371 1155 441 1239 ipse
464 1174 609 1240 saperem
632 1156 716 1222 ultra
730 1156 859 1222 Florum
881 1155 992 1237 talem,
1017 1156 1146 1237 qualem
1161 1154 1306 1220 Iordanis
1325 1155 1415 1237 legit,
1440 1155 1549 1237 itaque
1564 1154 1760 1238 corruptelas
1775 1153 1806 1217 ei
1821 1159 1878 1218 aut

252 1295 324 1339 cum
341 1282 473 1358 unoque
488 1275 576 1341 Flori
590 1275 672 1342 libro
687 1284 743 1342 aut
758 1297 829 1342 cum
845 1276 1076 1359 Bambergensi
1092 1276 1160 1340 solo
1175 1293 1357 1341 communes
1371 1274 1404 1339 in
1420 1281 1509 1339 textu
1524 1273 1652 1356 reliqui.
1691 1293 1773 1355 quae
1788 1272 1876 1357 apud

253 1394 383 1459 Florum
406 1395 558 1479 leguntur
579 1396 778 1480 incorrupta,
812 1403 959 1481 corrupta
982 1395 1070 1480 apud
1091 1395 1277 1478 Iordanem,
1309 1396 1356 1461 ita
1377 1394 1531 1476 tractari,
1564 1393 1652 1459 utin
1675 1392 1875 1476 gravioribus

252 1521 401 1599 cormpta
424 1515 457 1580 iu
480 1522 569 1582 textu
592 1516 771 1599 retinerem,
799 1537 875 1582 vera
896 1517 929 1582 in
952 1516 1156 1582 adnotatione
1178 1536 1388 1601 apponerem,
1415 1515 1550 1580 mendas
1572 1513 1716 1579 tollerem
1739 1512 1876 1578 leviores

253 1653 390 1717 easque,
417 1654 498 1718 quas
521 1656 561 1701 ue
583 1636 641 1701 tali
664 1637 793 1720 quidem
816 1637 962 1722 scriptori
983 1644 1070 1702 recte
1091 1636 1240 1720 imputes.
1288 1655 1366 1702 saue
1387 1656 1450 1700 uon
1472 1635 1568 1700 facile
1591 1641 1641 1699 est
1661 1632 1741 1698 fines
1763 1651 1875 1715 regere

251 1753 335 1819 inter
363 1755 532 1820 stultitiam
562 1756 699 1821 auctorIs
730 1756 850 1822 saeculi
880 1756 964 1822 sexti
991 1763 1024 1822 et
1051 1755 1173 1821 librarii
1202 1756 1325 1821 saeculi
1352 1755 1474 1837 octavi,
1507 1773 1612 1838 neque
1639 1753 1750 1835 ignoro
1779 1750 1875 1816 hodie

252 1874 392 1940 editores
414 1874 482 1942 fere
504 1896 542 1942 eo
565 1877 670 1960 mags
693 1877 726 1941 iu
749 1877 823 1942 crisi
846 1875 906 1941 sibi
930 1876 1106 1960 profecisse
1128 1875 1247 1958 videri,
1279 1896 1341 1959 quo
1371 1876 1518 1960 pluribus
1546 1873 1683 1939 salebris
1705 1879 1737 1937 et
1757 1872 1875 1937 barba-

252 1993 358 2059 rismis
388 2002 549 2061 auctorem
581 2016 673 2061 suum
702 1996 905 2061 oneraverint
933 2003 966 2062 et
987 1997 1137 2062 lectorem
1159 1995 1333 2080 gravarint.
1379 1995 1448 2062 iure
1470 2003 1577 2061 tamen
1599 2000 1711 2059 auctor
1731 1992 1876 2076 quicum-

252 2135 313 2198 que
337 2122 389 2216 est
409 2135 517 2180 eorum
540 2123 663 2182 tantum
687 2136 827 2182 errorum
850 2116 1131 2194 condemnabitur,
1165 2134 1243 2200 quos
1273 2116 1471 2181 commisisse
1501 2115 1667 2181 convictus
1696 2120 1756 2178 est.
1803 2112 1875 2176 uni-

251 2254 377 2300 versam
400 2236 523 2301 variam
546 2235 715 2302 lectionem
738 2236 922 2302 Florianam
945 2237 978 2302 iu
1001 2235 1204 2301 adnotatione
1226 2256 1288 2300 non
1311 2236 1476 2320 adscripsi,
1503 2235 1612 2300 curavi
1634 2240 1752 2314 tamen,
1777 2240 1813 2297 ut
1834 2233 1875 2297 dc

250 2354 425 2438 potioribus
455 2355 577 2450 legenti
605 2355 700 2421 facile
729 2363 899 2422 constaret.
950 2355 1033 2439 quod
1064 2356 1091 2420 si
1119 2356 1152 2420 in
1182 2356 1355 2420 Nazariani
1384 2356 1457 2421 libri
1487 2353 1623 2422 lectione
1651 2352 1826 2418 indIcanda
1854 2373 1875 2416 a

250 2474 409 2558 prioribus
434 2474 558 2557 differo,
584 2475 662 2540 mihi
686 2476 772 2542 credi
794 2476 884 2554 volo;
910 2476 981 2561 ipse
1003 2476 1089 2541 enim
1112 2497 1185 2542 eum
1208 2476 1312 2541 denuo
1335 2476 1462 2541 contuli.

334 2595 379 2659 II.
403 2595 625 2660 Ismuurcuvrr
648 2596 680 2661 in
702 2596 773 2681 ipso
795 2597 950 2681 principio
972 2596 1076 2661 libelli
1097 2596 1250 2661 Iordanes
1273 2596 1319 2660 ait
1340 2598 1500 2662 Romanos
1522 2595 1698 2676 laudasse,
1711 2594 1796 2677 quod
1820 2615 1873 2658 ar·
1887 2613 2020 2655 nutricius

249 2714 311 2780 mis
340 2722 373 2780 et
401 2716 529 2799 legibus
559 2716 667 2781 orbem
697 2723 801 2782 terrae
831 2736 924 2782 suum
946 2716 1097 2797 fecerint,
1129 2736 1265 2799 eumque
1287 2716 1389 2780 virum
1412 2716 1662 2782 eruditissimum
1686 2721 1872 2797 sequentem

249 2854 285 2900 se
311 2835 438 2919 ‘aliqua
461 2836 501 2902 de
524 2855 619 2900 cursu
641 2838 833 2920 tempomm’
856 2836 995 2901 scribere
1017 2836 1118 2901 velle:
1145 2836 1191 2900 ita
1213 2842 1298 2900 certe
1319 2837 1419 2901 verba
1440 2835 1631 2921 acceperim,
1660 2854 1762 2916 neque
1786 2833 1871 2899 enim

247 2976 288 3020 ne
310 2955 479 3021 Iordanem
509 2955 637 3038 quidem
667 2954 858 3022 crediderim
891 2955 1012 3039 ‘sequi'
1042 2955 1124 3020 illud
1154 2954 1272 3020 referre
1300 2955 1342 3020 ad
1371 2977 1467 3022 unam
1497 2956 1587 3021 illam
1616 2955 1807 3021 sententiam
1830 2976 1872 3020 ex

245 3074 422 3141 Iamblicho
445 3074 678 3160 depromptam.
725 3076 752 3140 si
775 3075 992 3142 Chalcidenus
1020 3074 1219 3158 intellegitur
1246 3075 1516 3142 celebratissimus
1544 3076 1755 3162 philosophus
1777 3075 1872 3140 scho-

245 3195 297 3259 lac
320 3196 562 3280 ueoplatonicae
585 3196 701 3262 aetatis
724 3195 1018 3279 Constantinianae,
1047 3196 1106 3260 illa
1128 3196 1287 3261 sententia
1308 3217 1413 3280 neque
1435 3198 1577 3263 extatin
1599 3198 1639 3263 iis
1662 3217 1744 3278 quae
1767 3197 1808 3260 ab
1832 3215 1870 3260 eo

246 3314 419 3396 habemus,
446 3324 479 3382 et
501 3316 546 3381 ita
568 3314 638 3382 eam
662 3317 704 3382 ab
728 3316 797 3384 eius
819 3316 927 3381 indole
950 3316 1137 3398 abhorrere,
1171 3324 1206 3382 ut
1228 3317 1281 3382 vix
1303 3317 1345 3383 ab
1368 3338 1406 3383 eo
1428 3317 1585 3401 proficisci
1606 3315 1725 3401 possit,
1757 3316 1870 3380 harum

247 3454 353 3499 rerum
376 3435 564 3519 peritissimi
586 3436 645 3501 viri
669 3438 835 3503 ccrtIorem
858 3456 909 3501 me
931 3435 1085 3518 fecerunt,
1111 3438 1210 3503 multo
1233 3437 1337 3520 magis
1359 3444 1515 3520 negantes
1538 3458 1610 3502 eum
1633 3444 1690 3502 aut
1704 3436 1871 3521 scripsisse

248 3560 303 3619 aut
325 3555 408 3620 adeo
431 3555 570 3621 scribere
593 3557 734 3639 potuisse
757 3556 797 3622 de
820 3575 914 3622 cursu
937 3564 1113 3641 tempomm
1136 3557 1409 3638 commentarium,
1436 3558 1564 3639 qualem
1586 3557 1646 3621 hoc
1668 3556 1738 3621 loco
1759 3555 1871 3621 Iorda-
1978 3602 1982 3609 -

246 3694 305 3739 nes
328 3675 499 3758 significat.
540 3676 623 3743 alter
645 3676 714 3741 eius
735 3676 873 3741 nominis
896 3676 1030 3761 scriptor
1045 3676 1244 3761 Babylonius
1265 3679 1382 3743 aetatis
1396 3677 1494 3742 Marci
1518 3684 1550 3742 ct
1565 3677 1650 3760 Veri,
1677 3698 1870 3760 quamquam

247 3793 280 3857 in
309 3794 420 3880 inepta
448 3796 560 3861 fabula
582 3795 723 3875 Milesia,
757 3795 848 3861 cuius
878 3796 1038 3881 epitomen
1060 3797 1192 3863 Photius
1219 3798 1376 3879 servavit,
1408 3799 1621 3862 Romanorum
1644 3798 1869 3881 imperatorum

246 3915 437 3980 mentionem
452 3916 551 3998 inicit,
579 3917 620 3983 de
643 3935 737 3981 cursu
758 3923 934 4001 temporum
958 3922 1044 3983 certe
1065 3937 1129 3981 non
1152 3917 1258 3999 magis
1280 3917 1415 4001 scripsit.
1456 3938 1515 3982 nec
1537 3917 1641 3999 magis
1664 3916 1868 3999 cogitandum

245 4033 305 4098 erit
333 4033 374 4099 de
403 4035 510 4119 aliquo
541 4035 610 4101 eius
639 4036 776 4101 nominis
805 4043 935 4102 auctore
956 4042 1123 4120 praeterea
1145 4036 1267 4119 ignoto,
1301 4044 1378 4122 puta
1400 4037 1617 4102 chronicorum
1640 4037 1793 4121 scriptore
1816 4055 1865 4116 eo,

246 4153 286 4218 de
315 4175 377 4237 quo
406 4175 435 4219 c.
460 4155 508 4219 IX
532 4155 670 4220 dicetur:
705 4176 778 4220 nam
800 4157 886 4238 quod
915 4156 984 4240 ipse
1007 4154 1162 4221 Iordanes
1191 4156 1284 4222 addit
1311 4158 1416 4222 locum
1438 4157 1608 4223 Iamblicbi
1635 4178 1671 4223 se
1701 4157 1734 4222 in
1762 4154 1869 4240 operis

245 4273 400 4359 principio
424 4275 569 4360 posuisse
602 4277 708 4340 ‘velut
729 4275 856 4359 insigne
878 4275 1038 4358 quoddam
1062 4280 1308 4358 omamentum'‚
1341 4279 1522 4343 necessario
1550 4279 1671 4344 clarum
1699 4278 1782 4344 illud
1809 4300 1868 4343 no-

247 4413 319 4458 men
343 4395 532 4460 Chalcideni
554 4395 735 4480 philosophi
759 4395 902 4477 requirit.
950 4396 1099 4478 equidem
1122 4396 1266 4481 suspicor
1286 4405 1448 4464 auctorem
1470 4400 1539 4465 iure
1562 4400 1624 4464 sibi
1646 4399 1804 4480 diffisum,
1836 4406 1870 4464 ut

246 4514 455 4598 patrocinium
478 4515 637 4598 quoddam
661 4523 773 4599 coepto
795 4515 881 4600 operi
904 4522 1033 4601 pararet
1054 4524 1087 4582 et
1109 4517 1266 4599 libellum,
1292 4518 1375 4585 sicut
1393 4519 1519 4587 doctum
1534 4521 1636 4585 virum
1653 4521 1756 4602 decet,
1781 4524 1869 4589 inco-

247 4633 338 4698 haret
359 4655 380 4698 a
403 4635 560 4719 scriptore
576 4635 684 4718 aliquo
707 4635 813 4718 citato,
839 4635 872 4699 id
893 4635 978 4719 quod
1000 4636 1077 4702 item
1100 4637 1178 4701 facit
1191 4636 1225 4702 in
1240 4638 1352 4720 altero,
1378 4660 1493 4705 nomen
1508 4641 1646 4724 elegisse
1663 4642 1867 4726 splendidum

247 4752 364 4819 Graeci
386 4754 589 4839 philosophi,
621 4755 713 4821 cuius
736 4756 795 4821 sub
817 4755 931 4820 umbra
952 4755 1190 4839 adquiesceret,
1224 4758 1275 4823 sui
1303 4759 1457 4843 propositi
1487 4766 1544 4825 ant
1572 4761 1702 4826 laudem
1732 4770 1788 4827 aut
1818 4784 1869 4828 re-

246 4875 489 4958 prehensionem
512 4875 546 4939 in
568 4895 640 4940 eum
663 4875 859 4940 transferens
881 4882 913 4940 et
935 4877 1128 4942 sententiam
1151 4878 1180 4943 ei
1204 4879 1448 4945 subministrans
1463 4880 1630 4963 vulgarem
1646 4882 1868 4966 undecumque

245 5000 417 5078 arreptam.
464 5002 548 5061 certe
579 4995 612 5059 in
641 4995 817 5077 hominem,
851 5014 945 5078 quem
975 5017 1050 5061 mox
1078 4997 1259 5064 videbimus
1287 4999 1388 5084 plagii
1410 4994 1516 5081 reum,
1549 5001 1706 5066 eiusmodi
1729 5003 1868 5086 suspicio

244 5133 308 5178 non
330 5114 488 5180 immerito
511 5115 609 5180 cadit.

331 5234 392 5298 III.
420 5237 608 5318 [Evrnoru]
634 5235 839 5319 breviarium,
864 5237 949 5319 quod
972 5237 1117 5321 pervenit
1138 5237 1181 5302 ad
1203 5260 1234 5303 a.
1257 5242 1329 5321 364,
1355 5261 1426 5305 raro
1449 5195 1637 5324 usurpatum
1660 5248 1720 5323 est,
1747 5242 2004 5314 scilicetsutroin·

246 5354 289 5418 ad
320 5355 388 5419 sola
418 5375 446 5420 c.
472 5359 545 5420 255.
574 5359 647 5420 257.
674 5359 747 5419 259.
774 5357 848 5420 260.
874 5360 948 5420 264.
974 5360 1046 5421 267.
1074 5361 1148 5422 272.
1174 5362 1248 5423 282.
1274 5363 1348 5425 290.
1374 5364 1435 5424 294
1470 5360 1574 5425 libelli
1604 5362 1737 5428 Romani
1767 5366 1868 5449 partis

246 5472 332 5556 eius,
369 5494 433 5555 qua
462 5494 514 5540 res
544 5476 604 5541 snb
634 5476 880 5561 imperatoribus
910 5482 1023 5559 gestae
1050 5485 1254 5563 enarrantur,
1291 5487 1324 5545 et
1351 5480 1398 5545 ita
1426 5488 1460 5545 ut
1489 5480 1625 5564 singulis
1656 5483 1735 5548 locis
1764 5506 1868 5569 pauca

244 5599 367 5659 tantum
389 5595 488 5661 verba
511 5616 613 5679 eaque
637 5597 703 5662 fere
726 5595 769 5661 ad
791 5596 931 5680 origines
953 5616 1119 5679 moresque
1142 5598 1368 5684 imperatorum
1391 5601 1585 5685 pertinentia
1607 5602 1869 5688 Hieronymianis

322 5712 444 5756 losunrrrs.
1498 5760 1501 5767 ,
1644 5724 1663 5778 (1
