4246 6082
299 300 342 362 26
1023 296 1204 354 IORDAMIS

299 485 410 551 Livius
431 486 465 551 in
488 487 740 554 diversissimam
763 494 898 573 partem,
927 488 963 553 id
984 493 1035 554 est
1056 488 1091 552 in
1111 487 1201 572 ipsas
1223 487 1384 554 nascentis
1406 488 1522 554 Italiae
1543 486 1654 554 sanem
1676 486 1771 570 signa
1792 502 1941 552 conver·

218 592 280 653 204
298 595 392 654 terat.
437 596 536 673 muto,
562 590 596 656 id
619 599 669 657 est
690 591 777 656 omni
800 611 864 674 qua
885 591 1075 674 longissima
1096 599 1146 657 est
1166 592 1264 657 ltalia
1285 592 1353 657 solo
1374 592 1583 658 interiacente
1605 610 1668 673 quo
1691 588 1837 670 consilio,
1867 607 1940 670 qua
1955 597 2071 652 rama
2084 601 2103 648 ι.

299 691 463 758 celeritate
492 693 640 759 consules
669 701 775 760 castra
806 695 1044 760 coniuncxerint
1071 694 1335 779 inopinatumque
1364 694 1488 761 hostem
1511 692 1646 759 conlatis
1669 691 1772 777 signis
1794 709 1944 776 oppres-

300 794 400 860 serint
426 815 531 878 neque
560 795 595 861 id
624 797 694 862 fieri
715 796 856 862 Annibal
885 797 1038 878 senserit,
1072 795 1205 863 difficile
1235 797 1323 864 dictu
1352 804 1413 864 est.
1459 803 1545 862 certe
1566 795 1708 861 Annibal
1736 814 1772 861 rc
1802 793 1944 878 cognita
1957 816 1980 847 ο·
1994 808 2022 850 ⁵³

268 915 372 962 ecum
395 898 570 981 proiectum
593 899 701 965 fratris
724 905 821 985 caput
843 900 886 965 ad
908 917 969 966 sua
991 908 1097 966 castra
1124 898 1277 983 vidisset,
1312 903 1497 984 ‘agnosco',
1522 897 1652 984 inquid,
1688 897 1941 965 ‘infelicitatem

302 999 553 1084 ‘atanaginisz
602 1003 683 1068 haec
711 1002 773 1068 fnit
800 1003 890 1068 illius
919 1003 981 1068 viri
1003 1023 1067 1068 non
1090 1003 1160 1068 siue
1181 1003 1354 1088 praesagio
1376 1002 1515 1086 quodam
1538 1001 1597 1068 fati
1619 1001 1804 1067 inminentis
1825 1000 1941 1085 prima

217 1108 280 1169 205
300 1101 469 1170 consessio.
516 1104 581 1170 iam
612 1112 732 1172 cenum
762 1113 832 1173 erat
853 1106 1046 1172 Annibalem
1075 1107 1172 1172 etiam
1194 1108 1296 1192 ipsius
1319 1106 1520 1172 confessione
1542 1124 1638 1190 posse
1658 1103 1755 1171 vinci.
1802 1103 1867 1169 sed
1888 1109 1977 1169 tote·
1991 1116 2017 1156 ὁ*

299 1225 403 1271 rerum
436 1227 660 1293 prosperarum
693 1207 812 1273 fiducia
844 1211 961 1294 plenus
993 1211 1130 1294 populus
1159 1212 1321 1275 Romanus
1354 1209 1463 1293 magni
1495 1208 1687 1274 aestimabat
1717 1206 1937 1291 asperrimum

298 1307 422 1374 bostem
451 1310 485 1375 in
515 1330 575 1376 sua
603 1311 712 1377 Ainea
743 1311 920 1378 debellare.
967 1311 1049 1377 duce
1078 1312 1177 1394 igitur
1206 1311 1354 1397 Scipione
1384 1313 1418 1377 in
1445 1312 1551 1397 ipsam
1575 1309 1719 1375 Africam
1747 1314 1816 1375 tota
1845 1309 1937 1375 mole
1952 1333 1974 1363 e·
1989 1324 2015 1364 ιι

251 1432 473 1478 inconversos
495 1414 615 1480 imitari
637 1415 743 1500 coepit
764 1416 958 1481 Annibalem
981 1423 1014 1481 et
1035 1415 1151 1482 Italiae
1175 1434 1253 1481 snae
1276 1415 1386 1481 clades
1407 1415 1442 1480 in
1463 1413 1607 1480 Africam
1629 1413 1805 1478 vindicare.
1846 1430 1937 1495 quas
1950 1435 1972 1466 e·
1987 1426 2014 1467 ⁵⁶

298 1514 373 1596 ille,
406 1515 453 1580 dii
482 1517 575 1582 bonil
616 1516 831 1584 Hasdrubalis
861 1518 973 1603 cupias
1003 1517 1102 1584 inditi
1145 1538 1224 1603 quos
1253 1518 1414 1603 Syphacis
1437 1517 1601 1583 Numidici
1630 1515 1716 1599 regis
1745 1515 1929 1598 equitatnsl

299 1638 382 1701 quae
411 1625 593 1703 quantaque
624 1621 789 1704 utriusque
819 1621 934 1687 classis
964 1628 1070 1687 castra
1098 1621 1223 1687 facibus
1251 1621 1361 1686 inlatis
1391 1642 1456 1686 una
1484 1627 1576 1686 nocte
1603 1617 1741 1684 delevitl
1789 1617 1934 1701 denique

218 1726 280 1788 206
298 1719 363 1784 iam
385 1741 448 1786 non
471 1743 491 1786 a
512 1722 606 1788 tertio
629 1723 747 1808 lapide,
774 1723 833 1790 sed
853 1724 944 1809 ipsas
959 1724 1166 1808 Obartaginis
1189 1731 1296 1808 portas
1318 1724 1483 1790 obsidione
1506 1722 1685 1808 quatiebat.
1730 1720 1778 1786 sic
1792 1720 1928 1804 factum,
1947 1747 1969 1775 ο.
1983 1737 2010 1775 ⁵⁷

299 1830 334 1890 ut
362 1825 526 1891 herentem
556 1833 653 1909 atque
681 1825 886 1894 incubantem
902 1827 1032 1893 ¹Italiae
1058 1835 1261 1910 extorqueret
1289 1828 1492 1892 Annibalem.
1546 1845 1609 1890 non
1645 1823 1708 1890 fuit
1735 1823 1839 1889 maior
1867 1824 1931 1889 sub
1946 1848 1968 1879 c·
1983 1841 2010 1881 ⁵⁸

252 1943 281 1984 re
299 1925 434 2010 imperio
457 1930 600 1994 Romano
623 1928 693 1995 dies
714 1951 809 2013 quam
832 1931 906 2012 ille,
940 1950 1012 1995 cnm
1042 1930 1106 1995 duo
1136 1930 1276 1996 omnium
1306 1937 1339 1995 et
1365 1937 1441 1995 ante
1467 1937 1500 1995 et
1521 1935 1635 2014 postea
1657 1926 1773 1992 ducum
1794 1926 1933 1992 maximi

299 2026 416 2112 duces,
449 2031 506 2097 ille
536 2032 668 2114 Italiae,
701 2034 755 2098 hio
777 2035 918 2117 Spaniae
940 2033 1041 2100 victor
1062 2033 1189 2098 collatis
1211 2032 1390 2098 comminus
1412 2030 1515 2116 signis
1537 2031 1685 2097 direxere
1706 2029 1821 2095 aciem.
1868 2029 1932 2096 sed

298 2137 332 2197 et
352 2133 546 2216 colloquium
569 2134 631 2201 fuit
651 2135 735 2201 inter
756 2136 844 2221 ipsos
866 2136 907 2201 de
930 2137 1058 2220 legibus
1074 2136 1182 2221 pacis.
1229 2141 1387 2201 steterunt
1411 2135 1467 2200 diu
1489 2141 1602 2200 mutua
1623 2131 1846 2198 ammiratione
1868 2131 1932 2198 de-

218 2235 278 2296 207
298 2233 372 2298 fixi:
406 2235 462 2299 ubi
490 2255 566 2301 vero
594 2237 635 2302 de
665 2257 746 2322 pace
775 2258 838 2303 non
867 2239 1032 2320 convenit,
1066 2239 1162 2322 signa
1187 2239 1345 2304 cecinere.
1392 2244 1518 2303 constat
1538 2235 1703 2317 utriusque
1725 2234 1931 2301 confessione
1944 2261 1966 2290 e·
1981 2251 2016 2292 ιι.
2029 2253 2057 2293 rc

298 2357 359 2403 nec
380 2338 496 2403 melius
517 2339 633 2405 instrui
655 2341 757 2405 aciem
780 2360 840 2405 nec
861 2341 967 2405 acrius
989 2341 1134 2426 potuisse
1156 2340 1303 2425 pugnari.
1351 2341 1411 2405 hoc
1433 2339 1540 2425 Scipio
1562 2339 1603 2405 de
1617 2338 1799 2419 Annibalis,
1823 2337 1932 2403 Anni-

249 2456 280 2497 ao
300 2441 354 2506 bal
383 2438 423 2506 de
453 2442 612 2527 Scipionis
641 2444 783 2509 exercitu
813 2443 1091 2528 praedicavemnt.
1139 2444 1195 2509 sed
1230 2451 1338 2509 tamen
1367 2443 1508 2508 Annibal
1537 2441 1635 2507 cessit
1663 2439 1930 2525 praemiumquae
1944 2468 1966 2496 ο.
1982 2458 2005 2498 u
2044 2496 2051 2517 ,

298 2542 450 2609 victoriae
472 2544 584 2610 Africa
606 2545 677 2610 fuit.
725 2554 758 2612 et
779 2554 908 2612 secutus
929 2547 1071 2611 Africam
1094 2547 1201 2612 statim
1224 2553 1380 2611 terrarum
1406 2546 1503 2612 orbis.

217 2645 280 2708 208
383 2647 459 2712 Post
480 2647 622 2713 Atticam
652 2649 717 2713 iam
745 2650 831 2714 uinci
859 2650 1018 2715 neminem
1042 2650 1173 2734 puduit,
1207 2649 1267 2715 sed
1288 2669 1392 2732 aequo
1414 2649 1483 2714 iure
1505 2647 1623 2730 ubique
1645 2646 1812 2713 subactae.
1830 2645 1844 2731 ΙΙ
1858 2644 1930 2732 pri-
1943 2662 1966 2709 a
1980 2664 2001 2711 ι,
2018 2664 2064 2705 ιι

297 2767 384 2813 mum
414 2750 514 2831 igitur
542 2751 663 2816 Levino
693 2754 826 2818 consule
858 2754 997 2838 populus
1026 2752 1189 2818 Romanus
1220 2753 1344 2817 Ionium
1376 2771 1465 2817 mare
1498 2751 1664 2833 ingressus
1692 2755 1760 2814 tota
1788 2748 1929 2831 Greciac

296 2850 391 2916 litora
417 2854 508 2918 velut
535 2853 747 2939 triumphanti
776 2857 881 2921 classe
910 2855 1104 2940 peragravit.
1152 2855 1256 2939 spolia
1283 2854 1402 2938 quippe
1432 2853 1563 2919 Siciliae
1592 2850 1764 2917 Sardiniae
1792 2849 1927 2918 Africae
1940 2870 1991 2910 m

247 2971 278 3014 ιι
297 2954 480 3037 preferebat
502 2962 535 3022 et
555 2957 759 3023 manifestam
782 2957 967 3040 victoriam,
993 2978 1088 3041 quarn
1110 2964 1187 3023 nata
1208 2958 1242 3022 in
1264 2957 1424 3042 praetoria
1445 2955 1546 3040 puppi
1568 2955 1678 3019 laurus
1699 2953 1924 3038 pollicebatur.

297 3056 412 3123 aderat
441 3066 555 3143 sponte
581 3060 615 3124 in
642 3060 798 3126 auxilium
820 3060 949 3126 Attalns
970 3080 1027 3125 rex
1050 3061 1337 3144 Pergamenorum,
1371 3059 1506 3124 aderant
1528 3062 1560 3122 et
1581 3056 1676 3121 Rodii
1696 3056 1845 3122 nauticus
1867 3077 1928 3142 po-
1942 3076 1992 3116 cs

217 3161 280 3221 209
298 3161 404 3243 pnlus,
431 3161 548 3243 quibus
570 3163 708 3239 amari,
736 3165 846 3228 consul
869 3183 890 3228 a
911 3164 1004 3229 terris
1026 3163 1134 3228 omnia
1155 3163 1246 3246 equis
1268 3163 1409 3244 virisque
1432 3161 1609 3243 quatiebat.
1655 3160 1706 3225 bis
1728 3159 1848 3242 victus,
1874 3160 1927 3227 bis
1941 3179 1992 3218 ao

298 3260 428 3344 fugatus
450 3282 508 3327 rex
530 3262 758 3347 Macedonum,
791 3267 842 3331 bis
865 3271 981 3331 exutus
1004 3266 1136 3347 castris,
1169 3285 1242 3331 cum
1264 3271 1373 3330 tammr
1395 3264 1476 3329 nihil
1498 3262 1673 3328 terribilius
1694 3261 1928 3329 Macedonibus

299 3362 360 3429 fuit
381 3363 453 3446 ipso
476 3366 645 3433 vulnerum
668 3374 811 3451 aspectu,
837 3388 920 3450 quae
942 3387 1006 3434 non
1029 3369 1161 3453 spiculis
1183 3388 1243 3433 uec
1266 3366 1394 3451 sagittis
1417 3386 1477 3432 neo
1499 3366 1566 3431 ullo
1589 3365 1727 3431 Greculo
1749 3365 1845 3447 ferro,
1867 3366 1928 3432 sed

249 3485 279 3526 uo
299 3465 484 3548 ingentibus
506 3468 581 3552 pilis
604 3488 665 3534 nec
686 3470 863 3536 minoribus
885 3472 1002 3536 adacta
1024 3470 1143 3554 gladiis
1165 3471 1250 3535 ultra
1271 3477 1405 3535 mortem
1421 3470 1585 3554 patebant.
1622 3468 1707 3534 enim
1723 3487 1799 3533 vero
1813 3468 1927 3533 Flam·
1939 3494 1961 3524 e·
1979 3485 2004 3527 ιι

299 3567 398 3633 minio
421 3568 503 3634 duce
526 3571 662 3655 populus
685 3574 847 3638 Romanus
870 3573 973 3639 invios
996 3580 1092 3639 antea
1114 3572 1281 3639 Chaonum
1308 3578 1431 3637 montes
1453 3572 1616 3668 Saumque
1638 3590 1765 3636 amnem
1788 3591 1847 3656 per
1867 3571 1928 3637 ab-

298 3678 393 3756 rupta
422 3672 593 3739 vadentem
623 3683 656 3740 et
684 3677 728 3740 ad
755 3676 829 3760 ipsa
858 3677 1067 3742 Macedoniae
1096 3678 1237 3741 claustra
1266 3675 1457 3759 penetravit.
1512 3674 1661 3740 introisse
1690 3673 1824 3739 victoria
1850 3673 1924 3740 fuit.
1939 3700 1962 3732 ι.
1979 3693 2002 3733 ιι

298 3793 372 3839 nam
406 3780 520 3859 postea
551 3798 724 3860 numquam
755 3797 855 3844 ausus
883 3778 1037 3862 congredi
1066 3800 1123 3845 rex
1153 3776 1196 3843 ad
1224 3779 1381 3859 tumulos,
1413 3797 1493 3860 quos
1523 3775 1768 3861 cynocephalos
1796 3784 1924 3862 vocam,

251 3898 279 3938 ιι
301 3897 364 3942 uno
386 3898 424 3942 ac
446 3899 486 3944 ne
510 3880 569 3953 hoc
591 3881 721 3962 quidem
742 3881 828 3946 iusto
850 3882 972 3966 proelio
993 3882 1198 3966 oppremitur.
1741 3884 1748 3895 '

220 3983 282 4046 2¹0
386 3981 423 4045 In
445 3981 601 4047 Numidia
622 3989 698 4049 tunc
720 3984 815 4048 amici
836 3985 949 4069 populi
970 3985 1105 4049 Romani
1128 3984 1317 4067 regnabant.
1355 3983 1414 4048 sed
1435 3980 1593 4066 Iugurtha
1614 3986 1724 4047 contra
1746 3998 1782 4047 se
1802 3981 1926 4048 bellum
1940 3999 2022 4044 ιιιι

299 4084 398 4149 movit
419 4086 632 4150 Romanorum
662 4094 791 4171 propter
819 4107 929 4152 necem
952 4086 1127 4153 Aterbalue
1157 4093 1190 4152 et
1218 4086 1392 4171 Empsalae
1415 4085 1579 4170 Mecipsae
1608 4083 1726 4150 liberos
1755 4102 1925 4169 expugna-

298 4192 395 4268 taque
418 4194 468 4252 est
489 4187 626 4271 primurn
649 4209 669 4252 a
690 4188 820 4255 Metello
844 4192 984 4268 consule,
1012 4190 1128 4255 debinc
1150 4211 1170 4255 a
1192 4190 1294 4254 Mario
1317 4189 1448 4254 domita.
1485 4187 1718 4254 Mauretaniam
1737 4206 1816 4257 uero
1838 4188 1927 4254 Buc-

218 4293 277 4353 211
300 4289 359 4354 cho
381 4309 438 4354 rex
460 4290 619 4355 tuebatur.
666 4291 725 4356 sed
748 4310 819 4357 cum
842 4293 997 4358 subiectio
1020 4293 1160 4357 omnium
1183 4292 1366 4357 Maurorum
1394 4292 1481 4358 iacta
1510 4297 1575 4372 est,
1608 4291 1806 4374 inhaeres,
1839 4308 1926 4373 quae

299 4411 429 4475 pugnae
457 4391 573 4458 fuisset
600 4393 744 4477 occasio,
777 4414 851 4460 mox
879 4402 1065 4479 superatum
1088 4414 1123 4459 sc
1146 4395 1263 4478 sensit,
1295 4413 1419 4460 veneno
1442 4395 1559 4460 hausto
1582 4392 1702 4459 deiecit
1712 4392 1730 4477 ¹)
1756 4391 1926 4476 omnisque

301 4524 528 4532 --—--—-..—.—
535 4526 711 4535 -——-.-..

385 4593 446 4640 ΗΡ
462 4593 488 4642 v.
508 4619 544 4629 -
563 4593 631 4643 aar.
649 4609 675 4654 p.
692 4581 755 4642 esai
772 4610 796 4643 v.
814 4593 843 4643 15
862 4597 977 4657 imperio.

387 4712 397 4762 l
419 4714 580 4762 diuerslmam
593 4715 622 4761 11
687 4710 826 4781 nascentis]
840 4717 937 4776 Florus,
958 4720 1089 4764 nascentes
1102 4715 1158 4763 libri
1261 4713 1277 4764 4
1296 4714 1391 4762 dictum
1404 4712 1472 4776 P‘V,
1493 4715 1575 4762 dictus
1587 4714 1614 4760 H
1716 4713 1731 4765 8
1750 4726 1863 4762 romanoe
1875 4712 1927 4761 ΗΡ

302 4796 332 4847 10
350 4800 418 4861 cepit
436 4799 484 4847 ΗΡ
589 4798 619 4848 14
637 4800 809 4849 inhaerentem
829 4801 919 4849 Floras
1034 4800 1065 4849 16
1083 4801 1154 4848 ducis
1174 4799 1197 4846 P
1298 4800 1410 4860 diregere
1431 4799 1452 4846 P
1553 4798 1585 4848 22
1604 4799 1690 4849 seda.
1709 4800 1726 4848 l.
1747 4812 1773 4849 n.
1795 4796 1925 4866 subeam]

298 4886 384 4933 statim
402 4886 511 4933 Ardeam
531 4891 631 4934 secutus
649 4892 709 4936 eunt
727 4892 815 4948 gentes
829 4887 916 4935 hierus
1020 4886 1053 4936 23
1072 4888 1154 4946 grecia
1166 4886 1193 4933 Η
1294 4884 1328 4936 24
1347 4885 1573 4948 uelutrtumphanti
1586 4882 1635 4932 ΗΡ
1727 4885 1840 4934 sardinas
1852 4883 1928 4933 HPV

299 4969 332 5019 25
349 4985 425 5033 qnam
437 4987 485 5020 om.
500 4973 587 5020 Florus
692 4972 724 5022 26
743 4969 819 5039 rodii]
830 4972 905 5021 HPl'
1006 4972 1036 5021 31
1057 4973 1166 5035 populus
1180 4973 1306 5020 Romanum
1317 4986 1365 5021 om.
1378 4973 1466 5019 Florus
1558 4972 1689 5033 abruptam
1700 4971 1756 5032 ΗΡ,
1777 4972 1892 5019 abrutam
1905 4971 1927 5018 V

298 5055 330 5105 ³2
349 5053 504 5123 penetrauit]
521 5061 711 5120 penetrauimus
727 5059 818 5107 Florus
921 5059 1042 5107 uictoriae
1059 5058 1080 5105 V
1181 5056 1215 5106 st
1232 5072 1264 5106 ne
1283 5054 1339 5124 hcc]
1355 5059 1382 5117 V,
1402 5072 1434 5106 ne
1452 5071 1480 5105 cc
1494 5056 1522 5120 P,
1544 5070 1590 5105 neo
1601 5057 1629 5104 H
1729 5058 1840 5120 proemio
1852 5056 1928 5105 HPV

298 5141 331 5192 36
349 5144 471 5192 aterbulae
487 5145 534 5204 (de
546 5144 574 5204 Ρ)
590 5149 616 5191 et
628 5145 752 5206 empsalae
765 5141 903 5210 mecipsae]
919 5145 975 5203 ΗΡ,
996 5144 1121 5191 aterbalea
1139 5150 1165 5191 et
1183 5145 1320 5206 empselem
1338 5144 1398 5192 haec
1415 5147 1471 5204 ipse
1494 5144 1528 5191 V:
1546 5145 1578 5192 ob
1596 5147 1695 5192 necatos
1713 5142 1880 5192 Adherbalem
1897 5147 1926 5191 et

297 5228 468 5290 Mtempsalem
480 5230 545 5279 tilios
557 5230 676 5293 Micipsae
689 5232 755 5291 regis
767 5231 853 5292 Rufus
955 5229 987 5279 37
1007 5231 1106 5279 metello
1118 5230 1190 5278 HPV
1279 5231 1373 5278 bucchc
1384 5226 1442 5296 rex]
1453 5232 1548 5292 scripsi,
1562 5229 1692 5278 baccharis
1703 5229 1790 5277 HPV:
1804 5229 1926 5279 aBocehc

298 5314 397 5375 Rufus.-
410 5317 523 5364 similiter
533 5319 629 5376 scripsit
641 5317 809 5366 Ariobistcnie
819 5331 842 5367 c.
857 5319 913 5378 179,
929 5316 1053 5366 Gentiana
1064 5330 1086 5364 c.
1099 5318 1148 5364 216
1253 5316 1286 5366 38
1305 5313 1359 5382 sed]
1372 5317 1419 5363 snb
1431 5317 1458 5362 H
1559 5311 1634 5381 quse]
1645 5313 1738 5376 fflPV,
1752 5316 1798 5377 qui
1809 5311 1852 5362 11²
1862 5319 1926 5365 nau

509 5439 613 5446 —---
872 5439 1109 5446 ———.-..--
1120 5440 1149 5445 .-..
1166 5441 1207 5446 —-
1222 5440 1298 5446 -...-
1316 5438 1535 5445 -..-·-——-——--—

385 5506 408 5567 l)
428 5506 471 5555 sed
490 5507 592 5553 subacta
609 5508 676 5555 omnl
694 5507 782 5556 Africa
799 5507 895 5556 Mauros
913 5507 976 5554 lube
993 5519 1038 5554 rex
1056 5508 1166 5567 tenebat,
1186 5509 1232 5569 qni
1249 5508 1276 5554 tn
1294 5521 1369 5555 cansa
1386 5506 1448 5555 belli
1465 5507 1549 5554 civilis
1567 5506 1598 5552 ab
1616 5505 1733 5566 Augusto
1745 5504 1850 5554 (lesura
1866 5504 1923 5554 rlc·

296 5597 338 5641 tus
356 5599 460 5640 mortem
478 5593 529 5641 sibi
547 5596 648 5656 propria
667 5596 794 5643 voluntate
815 5594 936 5643 conscivit
955 5590 1048 5654 sapa.
