4246 6082
921 344 1089 402 Rouana.
1323 338 1340 366 ⁸
1774 351 1815 412 29

10 546 178 596 11121112
279 537 516 622 Gallogreciam
539 546 665 622 autem,
689 539 726 604 id
748 546 798 605 est
820 539 1000 623 Galatiam,
1027 539 1040 625 {l
1061 538 1186 624 Syriaci
1207 538 1287 604 belli
1309 537 1402 603 ruina
1424 536 1595 603 convolvit.
1642 537 1705 603 fuit
1726 557 1818 602 nam·
1836 535 1899 596 224

189 658 251 721 que
279 639 363 706 inter
391 642 515 707 auxilia
544 643 631 726 regis
653 642 839 708 Anthiochi:
875 664 916 709 an
947 643 1048 709 luisse
1072 642 1207 727 cupidus
1228 640 1381 727 triumphi
1403 641 1542 706 Manlius
1564 641 1661 707 Visus
1684 641 1818 707 simula-

129 763 149 794 0·
163 756 176 795 ⁵
189 742 288 826 verit,
315 742 447 809 dubium
470 753 531 810 est.
558 745 571 828 ΙΙ
594 744 718 810 duobus
740 746 849 830 itaque
872 745 1003 830 proeliis
1029 745 1094 810 fusi
1116 745 1282 827 fugatique
1305 751 1397 826 sunt,
1423 744 1570 827 quamvis
1593 744 1653 809 sub
1675 745 1817 809 adventu

189 846 267 912 ostis
301 846 423 912 relictis
456 847 589 913 sedibus
622 848 656 912 in
688 848 864 914 altissimos
898 869 933 915 se
966 856 1091 914 montes
1123 848 1331 932 recepissent.
1385 847 1594 931 Coloscobegi
1629 847 1813 932 Olympum,

188 949 360 1033 Tectosagi
382 950 524 1033 Magaba
552 950 748 1017 insederant.
795 952 954 1036 utrimque
984 951 1093 1017 fundis
1122 951 1314 1034 sagittisquc
1345 950 1479 1015 deuacti
1509 950 1543 1015 in
1570 958 1757 1035 perpetuam
1781 966 1850 1016 seo

128 1073 148 1104 ο-
162 1064 175 1103 ⁰
188 1071 301 1137 pacem
324 1052 531 1119 dediderunt:
566 1052 624 1118 sed
646 1054 774 1138 alligati
796 1055 950 1120 miraculo
972 1053 1111 1138 quodam
1134 1054 1242 1136 inere,
1278 1073 1351 1119 cum
1375 1059 1506 1119 catenas
1529 1053 1686 1118 morsibus
1709 1061 1742 1119 et
1763 1074 1817 1119 ore

188 1162 417 1241 temptassent,
449 1177 520 1222 cum
550 1156 738 1222 otiucandas
767 1157 800 1222 in
830 1157 933 1222 vicem
962 1157 1073 1222 lauces
1101 1157 1316 1241 prebuissent.
1362 1174 1436 1220 nam
1459 1155 1662 1237 Orgiacontis
1692 1175 1819 1221 uxora

189 1259 373 1323 centurione
404 1264 549 1342 stuprum
579 1278 677 1343 passa
705 1259 905 1325 memorabili
932 1261 1080 1345 exemplo
1104 1259 1281 1325 custodiam
1305 1258 1410 1323 evasit
1431 1259 1657 1342 revolsumque
1679 1258 1818 1323 adulteri

84 1370 137 1412 nor.
153 1369 174 1412 ¹¹
190 1360 292 1426 hostis
321 1368 419 1445 caput
446 1360 490 1426 ad
511 1361 660 1427 maritum
683 1363 866 1446 reportavit.
896 1362 908 1447 ΙΙ
936 1362 1121 1428 Deiotarum
1144 1362 1172 1426 si
1194 1361 1325 1444 quidem
1348 1360 1485 1426 amicum
1509 1368 1641 1426 senatus
1662 1361 1819 1446 praefecit
1836 1359 1898 1420 225

189 1462 349 1529 Galatiae.
397 1463 457 1529 sed
477 1471 551 1548 post
571 1463 653 1530 haec
675 1465 796 1531 Caesar
818 1485 874 1531 eos
896 1465 1023 1549 redegit
1048 1465 1188 1547 iecitque
1210 1465 1243 1529 in
1266 1463 1458 1549 provincias.
1507 1463 1716 1549 Cappadoces
1739 1483 1818 1546 quo-
1839 1480 1868 1519 ¹0

189 1587 251 1648 que
281 1567 341 1632 sub
363 1566 485 1652 Epafra
513 1587 590 1649 rege
620 1568 783 1634 constituti
811 1569 948 1653 primum
970 1588 1029 1654 per
1050 1569 1177 1651 legatos
1201 1587 1276 1633 suos
1299 1569 1511 1632 Romanorum
1534 1566 1693 1633 amicitias
1715 1567 1818 1650 petic-

189 1677 278 1749 mnt,
312 1669 428 1735 dehinc
449 1670 705 1736 Acuriobamane
736 1691 812 1754 rege
842 1670 1035 1737 succedente
1066 1677 1099 1736 et
1123 1691 1143 1735 a
1165 1670 1328 1736 Mitridate
1353 1671 1488 1756 expulso
1510 1670 1592 1735 ultro
1616 1690 1650 1737 se
1674 1673 1818 1737 Romano

189 1772 319 1838 servitio
349 1772 541 1838 dediderunt
569 1793 782 1857 magnamque
812 1774 976 1840 civitatem
1006 1793 1097 1840 suam
1121 1774 1286 1839 Mazacam
1316 1774 1351 1839 in
1380 1773 1501 1840 honore
1524 1772 1675 1839 Caesaris
1697 1773 1819 1839 Caesa-

189 1893 277 1939 ream
307 1875 561 1959 appellaverunt.
609 1883 681 1959 post
711 1876 791 1942 haec
818 1876 935 1942 iterum
965 1877 1025 1942 sub
1048 1875 1187 1943 Claudio
1214 1876 1407 1960 imperatore
1430 1897 1487 1942 rex
1509 1896 1616 1941 eorum
1640 1875 1818 1941 Archelaus

189 1978 310 2043 Romae
342 1977 519 2043 adveniens
552 1978 645 2060 quasi
678 1979 801 2044 amicus
834 1979 943 2064 populi
974 1979 1110 2044 Romani
1143 1979 1251 2062 ibique
1285 1978 1456 2045 defunctus
1488 1977 1706 2045 testamentali
1739 1997 1817 2042 voce
1840 1993 1869 2032 1⁵

190 2080 429 2165 Cappadociam
452 2081 605 2146 Romanis
626 2081 767 2166 reliquid
789 2089 822 2148 et
844 2082 890 2147 sic
911 2082 976 2148 iam
1000 2103 1040 2148 er
1062 2082 1188 2165 integro
1210 2082 1244 2147 in
1267 2082 1464 2167 provinciam
1486 2082 1573 2147 iacta
1595 2089 1645 2148 est
1655 2085 1690 2163 ¹).
1734 2082 1820 2146 Pon·
1837 2078 1900 2139 226

188 2188 241 2248 tus
270 2203 290 2247 a
319 2182 471 2266 Pompeio
500 2182 627 2249 devicta
656 2205 729 2249 cum
759 2205 817 2250 suo
845 2204 921 2269 rege
951 2184 1113 2250 Mitridate
1139 2192 1171 2250 et
1200 2184 1286 2249 iacta
1315 2184 1480 2269 provincia
1508 2191 1568 2250 est.
1614 2182 1820 2267 Pallagoniae

189 2285 373 2370 Pylemenis
396 2306 452 2351 rer
475 2286 598 2352 amicus
619 2286 730 2371 populi
747 2287 904 2368 Romani,
938 2287 1090 2353 amultis
1112 2286 1187 2352 dum
1210 2287 1458 2369 inquietaretur,
1493 2288 1706 2352 Romanorum
1729 2285 1821 2371 petiit

190 2389 357 2453 auxilium.
405 2408 441 2454 se
463 2409 590 2474 quoque
613 2388 691 2455 dum
714 2389 755 2454 dc
777 2389 919 2455 inimicis
943 2390 1160 2472 ulcisceretur,
1192 2390 1362 2457 defunctus
1385 2392 1545 2456 Romanos
1566 2409 1625 2475 per
1646 2395 1821 2456 testamen-

193 2497 260 2555 tum
282 2490 420 2557 heredes
441 2490 591 2576 reliquid.
1840 2508 1870 2549 ²⁰

87 2604 140 2646 But·
157 2603 181 2646 ¹²
279 2593 443 2660 Hactenus
465 2594 550 2660 intra
571 2597 729 2660 Taurum:
760 2615 846 2661 nunc
867 2595 1002 2663 ulterius
1024 2595 1299 2679 transgrediamur
1321 2603 1353 2661 et
1374 2615 1458 2679 quae
1480 2595 1605 2681 patriae
1628 2602 1685 2660 aut
1705 2594 1821 2676 quibus
1839 2595 1900 2656 221

192 2696 437 2780 subiugantibus
467 2698 585 2782 populo
608 2700 750 2763 Romano
780 2699 971 2765 coniunctae
998 2698 1080 2781 sint,
1113 2697 1374 2764 memorabimus.
1421 2699 1598 2765 Anthiocus
1620 2698 1734 2783 Syriae
1756 2696 1822 2762 ior-

192 2799 335 2865 tissimus
357 2820 414 2864 rex
436 2821 588 2885 magnum
611 2808 802 2886 apparatum
824 2801 903 2866 belli
927 2807 1038 2868 contra
1058 2802 1213 2886 populum
1229 2803 1407 2866 Romanum
1426 2801 1606 2867 commovit.
1643 2819 1715 2866 xxx
1731 2801 1821 2865 milia

193 2901 221 2966 si
237 2901 366 2984 quidem
382 2910 576 2968 armatorum
592 2923 765 2988 sumusque
781 2903 916 2970 falcatos
932 2924 1028 2988 quam
1044 2904 1166 2989 plures,
1192 2904 1349 2970 elefantus
1371 2903 1555 2969 innumeros
1576 2905 1704 2971 turritos
1727 2911 1759 2969 et
1777 2902 1820 2968 ad

192 3004 294 3069 instar
322 3005 445 3072 murale
473 3006 508 3071 in
537 3006 608 3072 acie
636 3006 747 3072 ordine
777 3006 867 3073 sitos.
914 3007 966 3073 cui
996 3006 1142 3077 obvians,
1161 3006 1271 3091 Scipio
1301 3005 1447 3071 Africani
1473 3005 1633 3090 Scipionis
1661 3005 1759 3071 irater
1785 3005 1820 3069 in
1839 3023 1870 3064 as

193 3106 273 3172 Asia
294 3107 336 3172 ad
357 3104 557 3192 Magnesiam
581 3109 742 3175 civitatem
765 3110 998 3193 commissoque
1020 3110 1141 3194 proelio
1160 3109 1337 3175 Anthioous
1359 3109 1463 3174 victum
1484 3115 1545 3191 est,
1570 3127 1820 3193 percussumque

193 3208 308 3275 foedus
339 3229 409 3275 cum
433 3211 585 3277 Romanis
615 3212 658 3278 ab
679 3212 758 3277 Asia
788 3211 936 3277 discessit
964 3219 997 3277 et
1025 3213 1111 3278 ultra
1133 3212 1274 3277 Taurum
1304 3231 1345 3276 ex
1375 3217 1507 3276 senatus
1530 3210 1662 3276 consilio
1684 3229 1821 3293 regnare

194 3312 371 3396 permissus
399 3321 466 3395 est,
498 3313 646 3397 filiosque
676 3314 746 3379 eius
775 3314 809 3379 in
838 3314 985 3380 obsidatu
1006 3316 1129 3380 Romae
1149 3313 1305 3380 deductos
1326 3321 1400 3399 post
1420 3313 1521 3399 patris
1543 3314 1664 3380 obitum
1686 3333 1821 3396 regnare

194 3415 330 3498 genitali
359 3415 427 3480 loco
458 3416 660 3499 concessit2).
708 3417 827 3483 Cilices
854 3436 925 3483 cum
948 3417 1071 3482 Isauris
1093 3417 1218 3503 piratae
1241 3417 1347 3483 effecti
1371 3424 1403 3482 et
1423 3416 1458 3482 in
1480 3412 1561 3481 mari
1582 3436 1700 3500 magno
1723 3434 1821 3500 saepe
1840 3418 1902 3479 228

195 3517 363 3582 latrocinia
393 3518 588 3583 concitantes
610 3539 631 3584 a
653 3519 791 3585 Servilio
818 3520 1009 3605 proconsule
1036 3519 1111 3586 victi
1134 3527 1167 3585 et
1187 3518 1337 3604 prostrati
1359 3526 1443 3583 sunt.
1491 3519 1544 3584 hio
1566 3538 1691 3603 quoque
1714 3518 1823 3584 Servi-
1841 3539 1871 3579 11

195 3618 258 3684 lius
286 3619 408 3704 primus
430 3620 644 3685 Romanorum
667 3621 767 3686 Tauri
795 3622 907 3706 iugum
935 3622 1081 3706 pervium
1110 3622 1187 3689 iecit
1215 3620 1479 3706 triumphansque
1507 3621 1548 3687 de
1578 3641 1686 3686 eorum
1709 3620 1822 3706 spoliis

195 3721 358 3788 Isauricus
380 3721 564 3807 Cilicusquc
587 3730 718 3789 vocatus
744 3727 840 3810 esti).

283 4067 419 4119 HPVL.

285 4221 294 4270 l
316 4223 368 4270 luit
386 4218 505 4289 namque]
522 4222 619 4271 luerint
637 4223 726 4271 Florus
838 4222 853 4272 2
872 4224 990 4273 manlMus
1009 4223 1031 4272 1.
1142 4221 1226 4291 uisus]
1243 4225 1308 4284 libri,
1329 4226 1398 4273 uisos
1416 4226 1484 4276 Flori
1501 4227 1576 4276 libri:
1593 4228 1728 4286 rcquirtlar
1745 4225 1823 4274 Vulso

196 4307 211 4354 1
230 4304 629 4374 coloscobegi]l'toras(13omo.),
651 4308 800 4368 oorooouogu
812 4309 885 4358 uoos:
904 4311 1037 4371 requiescas
1051 4310 1205 4370 Tolostobogi
1310 4311 1325 4360 5
1342 4295 1444 4372 mg]
1457 4311 1485 4371 Ρ,
1501 4295 1610 4371 ωιξιῖιι
1628 4313 1647 4360 u
1751 4312 1765 4361 7
1784 4314 1823 4360 or-

196 4392 353 4442 iocandasL
466 4395 491 4442 iu
511 4394 621 4443 uicesL
733 4395 895 4456 prebuissent
913 4394 936 4441 P
1045 4394 1164 4444 ilhostas
1182 4395 1256 4444 111Ρ11
1368 4397 1399 4446 10
1417 4398 1569 4458 galaciael'
1670 4412 1753 4447 masat
1770 4395 1825 4465 eos]

195 4491 238 4526 eos
255 4492 324 4527 cesar
342 4492 383 4527 eos
402 4479 424 4526 L
545 4479 635 4540 redigit
656 4480 678 4527 V
807 4480 836 4529 ll
856 4482 940 4543 apairo
959 4481 998 4530 L.-
1017 4483 1128 4544 sparnaco
1147 4484 1185 4531 ccl
1203 4484 1295 4531 siricae
1313 4483 1372 4548 usp
1389 4484 1461 4532 libri.-
1480 4486 1630 4546 omissum
1646 4484 1790 4532 Ariarathes

196 4576 252 4622 roge
263 4577 311 4611 om.
327 4562 356 4610 H
438 4566 537 4614 amttlas
551 4564 587 4612 L‘
688 4564 718 4616 12
737 4563 1032 4634 acurloisarzsna]HPl',
1052 4570 1272 4618 acuriobarzabans
1286 4570 1324 4617 1..-
1343 4571 1522 4619 Ariobarzanes
1535 4569 1621 4630 Rulua
1720 4570 1751 4621 1³
1770 4586 1823 4621 ma-

197 4650 297 4709 11111,
318 4649 490 4699 mathacamlo
597 4649 983 4718 llamnolms]o.nomrn01.
1088 4653 1120 4703 16
1139 4657 1313 4717 cappodociam
1331 4657 1359 4705 11
1459 4659 1553 4705 intacto
1571 4656 1594 4703 P
1695 4658 1825 4719 prouincia

197 4734 254 4782 libri
377 4734 407 4783 17
426 4737 589 4799 padaconlam
606 4737 686 4799 MPV,
706 4738 842 4800 pallaconia
861 4738 882 4785 L
999 4738 1030 4787 18
1048 4736 1200 4807 pylemenls]
1218 4740 1295 4801 HPV,
1316 4743 1441 4803 pllemons
1460 4741 1482 4790 1.
1599 4739 1630 4791 ts
1648 4738 1688 4809 ao]
1705 4744 1747 4791 aad
1768 4742 1790 4791 L

197 4834 313 4868 romanus
331 4821 359 4867 11
470 4821 498 4871 21
521 4823 746 4885 progrediamurl.
859 4823 1011 4873 22111111
1114 4827 1309 4874 memorauimua
1327 4828 1353 4874 H
1461 4826 1493 4876 23
1512 4840 1566 4875 ιιι
1585 4824 1667 4894 milla]
1684 4828 1754 4876 libri:
1773 4835 1824 4875 tre-

197 4912 270 4954 centa
288 4908 357 4955 milia
373 4909 412 4955 ecl
429 4909 595 4969 quadraginta
613 4910 680 4957 milia
697 4909 755 4957 libri
772 4908 831 4972 Rufi
963 4908 996 4959 21
1014 4911 1136 4960 eiciantas
1154 4909 1182 4957 11
1299 4922 1325 4961 et
1342 4913 1433 4963 1111111
1537 4912 1598 4976 ,25
1616 4910 1725 4980 murale]
1743 4911 1821 4975 HPV,

198 4992 352 5041 mirabileb
469 4992 501 5043 26
520 4995 597 5042 asiam
616 4995 637 5042 1.
753 4996 940 5058 summissoque
958 4996 985 5043 H
1099 4994 1132 5046 28
1150 4997 1319 5059 titiumqueL
1432 4998 1598 5047 obsidatornm
1615 4998 1677 5047 aedo
1695 5000 1783 5048 drrctos
1800 4999 1828 5046 11

198 5077 231 5126 30
248 5075 415 5146 concitantes]
432 5085 579 5129 exercentes
600 5080 621 5127 L
724 5077 883 5148 proconsule]
900 5082 1004 5130 consulo
1021 5082 1049 5129 Η

286 5368 307 5433 1)
329 5385 386 5419 cum
403 5371 539 5419 Archelaus
558 5384 604 5419 rex
622 5370 796 5434 Cappadocum
815 5373 916 5422 Romam
936 5375 1047 5423 uenisset
1064 5379 1091 5422 at
1108 5375 1144 5423 ibi
1163 5375 1208 5423 din
1226 5374 1347 5425 detentus
1365 5377 1536 5435 occubuisset,
1560 5377 1587 5424 iu
1609 5349 1750 5439 provinciae
1768 5391 1825 5440 spa·

198 5456 261 5503 ciam
279 5455 434 5520 Cappadocia
452 5458 569 5517 migravit
588 5456 681 5518 Rufus.

284 5541 308 5604 2)
330 5543 385 5591 sins
403 5544 449 5591 lilii
467 5557 572 5604 regnum
592 5543 676 5603 Syriae
696 5545 743 5592 sub
760 5545 879 5594 clientela
895 5546 982 5608 popuii
1001 5547 1103 5595 Romani
1121 5547 1283 5596 retinuerunt
1301 5546 1395 5607 Rusca.

284 5626 308 5690 3)
329 5631 403 5691 isque
420 5629 452 5679 da
470 5630 589 5679 Cilicibus
608 5635 634 5678 et
652 5631 745 5679 isauris
763 5632 929 5694 triumphavit
946 5635 1032 5695 itaqua
1049 5634 1175 5683 isauricus
1193 5639 1232 5683 ast
1249 5636 1437 5695 cognominatus
1455 5632 1547 5694 Rufus.
