4246 6082
247 344 344 408 m
946 338 1175 394 l’Rocsnssvn.

335 565 373 629 ln
396 566 502 648 lirige
524 564 671 628 subsistit
698 564 837 628 narratio
867 583 970 644 neque
995 571 1201 629 recensentur
1223 582 1317 646 reges
1340 562 1514 628 Gothorum
1538 563 1591 645 qui
1614 568 1726 647 postea
1749 561 1895 626 fuerunt

247 685 425 750 Hdelndus
446 684 619 749 Erarichus
640 683 763 764 Totila,
797 703 989 767 quamquam
1012 683 1107 767 primi
1130 690 1162 750 et
1184 684 1269 749 tertii
1291 689 1401 748 auctor
1427 683 1586 763 meminit,
1621 680 1771 766 quoniam
1795 680 1894 747 Oen-

249 804 540 889 mtinopolitanis
562 803 596 868 hi
619 824 682 868 non
704 803 768 868 visi
790 810 864 868 sunt
885 803 1026 887 legitime
1049 824 1183 887 rognum
1206 802 1398 869 obtinuisse:
1431 803 1528 867 irumo
1550 802 1669 868 diserte
1691 801 1738 866 ait
1768 807 1894 866 auctor

248 946 382 1008 regnum
406 923 581 989 Gothorum
605 923 638 986 in
661 923 768 1006 Vitige
790 922 912 988 finiisse
940 926 977 1004 (c.
1006 928 1055 1006 ll,
1083 926 1135 989 81.
1162 928 1212 1003 60,
1241 926 1329 1005 3153.

47 1038 238 1138 ,3ζῶ
338 1046 494 1109 ductores
518 1042 571 1107 ubi
595 1048 722 1125 estant,
757 1042 843 1107 unde
866 1051 993 1126 sumpta
1015 1050 1089 1108 sunt
1110 1063 1194 1126 quae
1216 1043 1366 1126 leguntur
1386 1043 1474 1128 apud
1496 1042 1682 1123 Iordanem,
1715 1041 1785 1106 sive
1808 1040 1893 1125 ipse

250 1167 367 1231 librum
391 1162 547 1248 expilavit
572 1161 640 1227 sivc
668 1182 725 1247 per
753 1163 870 1241 alium,
903 1163 974 1227 loca
1003 1182 1086 1246 quse
1116 1164 1178 1228 huc
1206 1162 1366 1247 pertinent
1393 1167 1428 1228 ut
1457 1181 1528 1227 cunr
1557 1159 1759 1226 lordonianis
1790 1181 1892 1226 conr-

251 1290 444 1371 ponerentur
473 1290 505 1348 et
533 1282 579 1347 ita
607 1281 686 1364 quid
715 1281 748 1346 in
779 1282 916 1365 singulis
944 1290 1000 1348 aut
1032 1282 1178 1347 additum
1212 1288 1298 1347 essct
1329 1289 1385 1348 aut
1417 1290 1574 1361 erratum,
1611 1281 1706 1347 facile
1739 1287 1887 1365 pateret,

253 1413 288 1470 ut
308 1403 398 1489 potui
424 1402 544 1468 curavi.
593 1408 701 1467 contra
723 1401 803 1466 locis
826 1401 986 1466 similibus
1008 1402 1249 1467 accumulandis
1277 1409 1333 1468 aut
1361 1402 1457 1467 valde
1486 1399 1582 1467 fallor
1607 1407 1664 1467 ant
1691 1401 1892 1483 obscuratur

252 1523 358 1606 magis
380 1542 476 1605 quam
499 1520 669 1586 adiuvatur
689 1521 776 1586 iusta
798 1541 902 1586 rerum
924 1521 1105 1605 indagatio:
1139 1542 1179 1587 ea
1200 1522 1285 1587 enirn
1307 1522 1341 1587 in
1371 1542 1409 1587 eo
1437 1521 1599 1602 consistit,
1632 1528 1666 1586 ut
1694 1519 1749 1586 ubi
1777 1520 1890 1586 habe-

253 1662 324 1707 mus
347 1648 413 1708 tanr
437 1640 612 1723 expilatum
634 1641 752 1706 librum
775 1662 870 1723 quarn
893 1641 1100 1726 expilantem,
1127 1642 1270 1726 expilata
1284 1648 1518 1721 semoveantur,
1544 1660 1627 1723 quae
1649 1647 1770 1706 restant
1792 1659 1892 1705 conr-

254 1768 406 1847 parentur
428 1767 460 1826 et
482 1760 708 1844 ponderentur.
756 1761 813 1827 sed
834 1770 942 1827 tamen
965 1763 1060 1846 plene
1081 1761 1116 1826 id
1137 1761 1247 1846 perfici
1268 1782 1332 1827 non
1353 1761 1457 1846 potuit
1477 1768 1647 1846 propterea
1669 1759 1753 1844 qnod
1780 1779 1890 1844 saepe

254 1880 446 1948 dubitationi
476 1880 564 1945 locus
594 1887 659 1960 est,
693 1901 789 1962 quam
819 1881 973 1947 editorem
1004 1902 1067 1946 non
1096 1887 1161 1946 tarn
1188 1880 1229 1946 de
1251 1881 1375 1966 tripode
1398 1880 1546 1947 decidere
1568 1886 1691 1964 oportet
1712 1900 1808 1961 quarn
1832 1879 1891 1946 le-

255 2002 362 2084 gentis
390 1999 508 2064 iudicio
539 1999 699 2065 subicere:
736 1999 831 2064 etiam
860 2000 990 2085 saepius
1020 2000 1083 2065 duo
1113 2007 1259 2066 auctores
1289 2022 1360 2066 cunr
1390 2001 1527 2066 eundem
1553 2000 1669 2065 librum
1693 1999 1885 2084 expirabat,

254 2119 489 2205 quodammodo
512 2118 652 2183 medium
676 2119 778 2183 locum
804 2126 915 2184 tenent
936 2120 1018 2185 inter
1040 2127 1139 2186 testes
1168 2141 1239 2201 eos,
1274 2141 1408 2202 qnorum
1437 2120 1519 2186 alter
1545 2120 1586 2184 ab
1616 2120 1718 2185 altero
1746 2118 1885 2205 pendet,

256 2247 288 2305 et
310 2259 380 2319 eos,
414 2239 468 2321 qui
490 2237 572 2303 inter
595 2257 630 2303 se
653 2238 906 2304 communionem
930 2240 1051 2304 nullam
1074 2241 1136 2306 nisi
1159 2240 1235 2305 facti
1256 2240 1359 2325 ipsius
1382 2240 1513 2306 habent.
1560 2241 1640 2306 haec
1662 2239 1716 2304 ubi
1739 2239 1784 2305 ita
1806 2259 1889 2306 esse

255 2358 334 2424 mihi
364 2358 435 2423 visa
465 2365 538 2422 sunt
568 2366 625 2422 aut
653 2358 708 2423 ubi
738 2378 796 2442 per
824 2358 1044 2443 exceptionem
1076 2360 1194 2425 similia
1223 2360 1388 2426 afferenda
1409 2368 1509 2441 erant,
1544 2360 1576 2424 id
1599 2359 1685 2442 quod
1706 2379 1778 2424 raro
1802 2380 1888 2426 evc-

255 2480 320 2561 nit,
353 2478 492 2544 auctoris
520 2477 640 2543 nomini
670 2484 776 2542 notam
805 2478 955 2561 praemisi
986 2479 1047 2544 loci
1075 2480 1260 2545 conferendi
1287 2480 1367 2563 (cf).
1401 2517 1442 2527 -
1480 2479 1605 2545 Deinde
1634 2479 1668 2543 in
1696 2479 1888 2546 auctoribus

255 2599 437 2666 indicandis
465 2598 498 2664 in
529 2597 653 2662 duobus
683 2596 803 2687 libellis
833 2597 993 2663 diversam
1021 2599 1106 2664 viam
1135 2600 1233 2665 tenui.
1281 2621 1355 2666 narn
1385 2600 1521 2665 Romani
1549 2599 1652 2664 libelli
1676 2567 1826 2664 auctores
1848 2608 1888 2667 ut

255 2722 443 2806 plerumque
466 2717 618 2782 facillime
640 2724 672 2782 et
694 2718 871 2784 certissime
893 2718 1029 2784 indicari
1051 2726 1201 2803 possunt,
1234 2725 1402 2805 praeterea
1423 2740 1479 2804 pro
1502 2720 1620 2802 exigua
1642 2717 1715 2783 libri
1739 2717 1883 2786 utilitate

255 2841 297 2906 ab
327 2857 463 2925 operosa
492 2836 661 2920 diligentia
689 2837 865 2903 cavendum
895 2839 969 2919 fuit,
1001 2840 1048 2904 ita
1076 2839 1109 2903 in
1133 2838 1273 2922 Geticis,
1305 2861 1388 2922 quac
1418 2839 1495 2904 licet
1522 2839 1595 2923 ipsa
1627 2838 1727 2903 infimi
1749 2838 1885 2920 ordinis,

257 2958 474 3046 pulcherrima
505 2957 664 3039 quaedam
692 2965 724 3024 et
752 2960 867 3024 summi
895 2960 1046 3025 momenti
1074 2959 1180 3044 capita
1208 2960 1278 3025 sola
1300 2966 1484 3038 servarunt,
1518 2965 1682 3023 auctorum
1704 2957 1891 3041 disquisitio

262 3079 454 3145 difficillima
476 3084 526 3142 est
547 3085 580 3142 et
601 3097 697 3162 saepe
720 3080 885 3163 perplexa.
932 3079 1005 3144 ideo
1027 3080 1060 3144 in
1083 3080 1235 3144 Romanis
1257 3081 1445 3164 plerumque
1469 3079 1547 3144 satis
1571 3078 1668 3143 habui
1691 3078 1734 3143 ad
1756 3077 1890 3160 singula

257 3200 364 3285 capita
392 3205 553 3263 auctorem
583 3197 673 3262 cuius
701 3205 789 3263 esset
809 3199 843 3262 in
865 3198 1010 3281 margine
1033 3199 1167 3264 laudare
1203 3199 1290 3276 [locis
1313 3200 1448 3283 sumptis
1470 3200 1512 3263 ab
1535 3206 1665 3264 auctore
1688 3204 1744 3263 aut
1766 3197 1887 3282 deper-

257 3322 323 3386 dito
357 3325 412 3384 aut
446 3319 565 3383 incerto
599 3317 719 3382 IGNoti
754 3324 860 3382 notam
893 3317 1060 3402 adscripsi)
1098 3338 1157 3383 nec
1190 3318 1252 3382 nisi
1286 3338 1350 3401 per>
1377 3319 1611 3403 exceptionem,
1650 3318 1694 3383 ibi
1729 3317 1795 3382 fere
1828 3317 1890 3382 ubi

258 3440 387 3522 longius
408 3439 450 3503 ab
473 3444 602 3503 auctore
626 3436 780 3503 Iordanes
804 3437 1024 3519 discessisset,
1058 3438 1147 3503 illius
1170 3439 1268 3502 verba
1291 3437 1480 3522 subscripsi:
1514 3438 1546 3502 in
1570 3437 1692 3503 Geticis
1721 3443 1828 3502 autern
1852 3444 1889 3502 et

258 3578 467 3645 quaecunque
498 3558 569 3622 loca
598 3556 837 3640 compilatorem
867 3557 940 3641 ipsa
969 3557 1157 3623 adhibuisse
1179 3557 1354 3623 iudicarem
1378 3565 1410 3623 et
1433 3579 1472 3623 ex
1495 3557 1646 3622 affinibus
1668 3575 1808 3640 quoque,
1844 3556 1889 3622 de

258 3680 374 3764 quibus
405 3678 499 3743 modo
530 3677 614 3751 dixi,
648 3677 789 3761 potiora,
821 3677 953 3742 totidem
984 3678 1090 3742 verbis
1119 3677 1151 3742 in
1178 3678 1327 3743 inferiore
1350 3678 1495 3760 margine
1517 3676 1633 3741 adieci.
1679 3678 1724 3742 ita
1746 3696 1829 3759 quae
1851 3675 1889 3741 in

259 3799 381 3866 Geticis
403 3797 549 3881 quaestio
572 3803 622 3862 est
644 3797 852 3880 gravissima,
886 3804 921 3861 nt
951 3797 1231 3882 deprehendantur
1252 3799 1294 3863 ab
1317 3804 1446 3865 auctore
1467 3803 1597 3880 propter
1619 3797 1726 3861 studia
1748 3795 1889 3862 Gothica

258 3928 378 3986 temere
401 3926 434 3983 et
456 3916 674 3982 fraudulenter
696 3917 898 4002 interpolata,
924 3917 987 3982 iam
1012 3918 1145 3983 habebit
1165 3924 1312 4001 paratum
1334 3925 1366 3983 ct
1388 3923 1507 3983 certum
1532 3916 1784 3981 fundamentum.

345 4037 509 4103 Editorum
527 4036 672 4101 Iordanis
695 4037 817 4101 nullum
840 4058 945 4121 neque
966 4038 999 4102 in
1022 4043 1178 4122 apparatu
1201 4058 1304 4120 neque
1326 4038 1358 4103 in
1380 4036 1586 4102 adnotatione
1608 4037 1701 4100 iustis
1716 4035 1889 4101 desideriis

259 4160 339 4225 satis
369 4158 487 4223 fecisse
514 4157 597 4222 inter
626 4157 712 4221 viros
742 4155 852 4222 doctos
881 4158 1045 4241 convenit,
1077 4178 1273 4241 quamquam
1299 4165 1478 4242 postremus
1509 4157 1653 4222 Classius
1682 4155 1889 4221 mediocriter

261 4278 407 4362 quidem,
446 4276 504 4342 sed
533 4297 595 4341 non
623 4276 779 4342 inutiliter·
805 4277 838 4342 in
868 4284 1003 4360 uhaque
1035 4298 1069 4343 re
1097 4278 1285 4344 elaboravit.
1332 4297 1411 4342 sane
1441 4275 1613 4341 dolendum
1645 4283 1694 4340 est
1722 4283 1886 4341 auctorem

260 4399 452 4486 pessimum,
482 4396 539 4462 sed
562 4404 669 4462 utres
693 4416 728 4459 sc
751 4395 849 4461 habet
869 4399 1102 4479 necessarium,
1128 4399 1173 4463 ita
1196 4405 1303 4463 autem
1325 4403 1559 4482 comparatum,
1589 4404 1623 4460 ut
1646 4396 1745 4461 multo
1767 4395 1880 4476 magis,

262 4540 358 4602 quam
383 4518 416 4582 in
438 4517 512 4582 aliis
534 4516 718 4582 auctoribus
741 4534 800 4579 usu
823 4518 926 4598 venit,
961 4517 1081 4583 utilitas
1105 4517 1175 4582 eius
1197 4517 1339 4601 pendeat
1359 4540 1380 4582 a
1402 4522 1489 4583 recta
1511 4515 1727 4599 recognitione
1749 4523 1782 4580 et
1802 4516 1887 4580 iusto

261 4645 438 4724 apparatu,
472 4658 530 4722 per
551 4642 598 4703 tot
619 4656 720 4702 annos
742 4636 882 4702 iacuisse
905 4638 1138 4719 multorumque
1162 4637 1364 4720 egregiorum
1386 4636 1524 4701 virorum
1548 4636 1710 4700 laboribus
1734 4635 1887 4700 damnum

261 4779 323 4824 non
353 4759 504 4841 exiguum
534 4776 575 4821 cn
607 4776 719 4840 prauum
749 4762 823 4841 apto
852 4762 884 4822 et
913 4756 1048 4822 subinde
1079 4757 1189 4822 fallaci
1220 4757 1428 4822 instrumento
1449 4757 1574 4821 illatum
1597 4774 1681 4821 esse.
1728 4759 1781 4818 ord
1803 4757 1889 4817 nieht·

261 4882 309 4942 uls
329 4880 497 4962 llnpcduld,
525 4881 578 4941 mit
600 4881 684 4940 etrier·
699 4877 757 4940 alrt
778 4898 834 4940 rcorr
858 4881 1077 4961 l'cruucr‘slunp
1101 4888 1219 4940 torrites
1243 4881 1305 4941 urr'r·
1328 4882 1383 4941 scd
1404 4882 1584 4961 rrrenipslens
1610 4880 1753 4960 arr-urrzr'p
1773 4878 1889 4939 durh-run

261 5003 322 5081 rores
339 5002 386 5061 die
409 5020 484 5061 tacite
507 4998 646 5081 rluspubc
668 5000 720 5060 des
744 5001 908 5061 lordonis:
939 4997 1038 5062 verba
1068 5004 1142 5062 sunt
1162 4997 1293 5062 Waitzii
1324 5017 1395 5061 cum
1418 4995 1458 5061 de
1482 4996 1651 5061 Clossiarra
1672 4995 1888 5078 recognitione

260 5118 417 5183 iudicium
448 5118 520 5183 tulit
549 5125 624 5182 ante
655 5136 756 5182 annos
785 5124 817 5182 ct
845 5117 935 5202 ipsos
966 5116 1177 5202 undeviginti.
1225 5117 1289 5181 iam
1319 5136 1389 5181 curu
1417 5115 1496 5180 mihi
1519 5116 1587 5181 sive
1610 5115 1798 5197 contigisset
1820 5115 1888 5181 sive

261 5236 447 5319 accidisset,
480 5245 515 5303 ut
537 5238 679 5303 laborem
702 5243 776 5302 ante
799 5237 916 5302 multos
938 5257 1038 5302 annos
1061 5237 1185 5321 privato
1208 5236 1340 5304 consilio
1362 5235 1563 5313 incohatum,
1593 5234 1651 5300 sed
1674 5236 1888 5301 intermissum

262 5364 295 5422 et
321 5357 555 5439 quodammodo
584 5357 744 5422 abiectum
771 5357 804 5421 in
835 5377 886 5421 mc
912 5356 1086 5440 reciperem
1111 5357 1272 5422 societatis
1295 5361 1568 5420 monumentorum
1592 5355 1763 5439 patriorum
1788 5355 1890 5420 eden-

262 5476 373 5542 dorum
396 5477 525 5562 publico
547 5476 680 5542 consilio
703 5477 943 5559 obtemperans,
976 5476 1027 5540 lris
1050 5476 1264 5559 quadraginta
1286 5475 1397 5551 annis,
1431 5496 1488 5559 per
1518 5495 1597 5557 quos
1620 5475 1813 5540 Iordaniana
1834 5476 1889 5558 qui

264 5604 440 5683 exposcunt
461 5597 496 5661 in
519 5597 647 5663 deserto
670 5606 831 5678 errarunt,
865 5603 1018 5679 quantum
1042 5596 1111 5661 fieri
1133 5602 1257 5681 poterat
1279 5595 1465 5683 paucissimi
1489 5602 1523 5660 ut
1545 5595 1736 5662 accederent
1758 5596 1884 5662 curtari:
