4246 6082
946 309 1112 367 nonnus.
1798 312 1839 375 43

218 499 278 564 lier
301 496 515 582 virginitatem
538 506 739 581 servaverat,
764 500 798 565 in
820 499 1020 566 matrimonio
1042 500 1217 567 adsumens
1239 522 1372 585 regnum
1395 501 1479 584 quod
1501 499 1632 566 delicati
1653 500 1841 566 decessores

108 598 112 605 ’
219 601 526 687 prodecessoresqne
549 602 618 668 eius
642 623 698 687 per
720 603 821 667 annos
843 604 911 669 lere
933 603 1105 688 sexaginta
1127 604 1266 669 vicissim
1289 605 1484 689 imperantes
1507 605 1699 686 minuerant,
1728 603 1839 669 divina

217 705 399 790 provisione
422 704 469 770 sio
491 706 667 790 reparavit,
695 713 728 771 ut
750 706 904 772 exultatio
926 707 1040 791 ingens
1063 707 1185 773 cunctis
1207 707 1420 773 adcresceret.
1466 727 1540 772 nam
1564 727 1634 772 cum
1658 705 1785 771 Parthis
1807 712 1840 771 et
1857 705 1920 768 333

217 808 373 874 Vandalis
407 808 533 873 omnino
566 809 794 874 infestantibus
826 830 937 894 pacem
975 810 1125 890 instituit,
1163 811 1283 876 Attilae
1317 811 1421 876 minas
1449 810 1652 894 conpescuit,
1688 808 1841 875 Novades

218 914 471 996 Blemmesqnell
499 912 649 996 Ethiopia
670 913 837 997 prolapsos
860 934 917 998 per
937 914 1068 981 Florum
1085 913 1325 979 Alexandrinae
1348 913 1435 978 urhis
1458 919 1692 998 procuratorem
1715 912 1874 978 sedavitc

217 1022 249 1080 et
271 1015 396 1100 pepulit
417 1036 437 1080 a
459 1015 576 1081 tinibus
599 1016 822 1098 Romanorum,
849 1016 1032 1100 obitumque
1055 1017 1174 1082 Attilae
1197 1024 1229 1082 et
1252 1015 1391 1082 Zenonis
1413 1017 1518 1081 Isauri
1540 1016 1723 1096 interitum,
1749 1022 1841 1081 ante-

218 1140 313 1202 quam
336 1118 512 1200 moriretur‚
539 1119 619 1184 felix
635 1119 777 1204 conperit
790 1120 984 1186 infelicium:
1016 1121 1218 1203 omniumque
1240 1119 1439 1186 inimicomm
1463 1139 1590 1185 suorum
1617 1119 1700 1185 oolla
1722 1117 1841 1184 domini

84 1233 152 1276 ¹⁸10-
167 1236 206 1276 ⁴⁵⁵
219 1222 335 1287 virtute
362 1223 490 1287 calcans
521 1230 612 1287 sexto
640 1242 724 1286 anno
752 1231 906 1307 sextoque
935 1243 1046 1289 mense
1075 1243 1214 1306 regnans
1236 1222 1270 1288 in
1291 1243 1371 1307 pace
1394 1222 1526 1304 quievit.
1555 1222 1568 1305 lt
1594 1221 1840 1287 Valentinianus
1859 1222 1920 1285 331

217 1332 323 1390 autem
347 1325 558 1390 occidentalis
581 1325 752 1410 imperator
774 1325 847 1391 dolo
869 1326 1001 1390 Maximi
1024 1325 1159 1411 patricii,
1187 1325 1277 1390 cuius
1300 1325 1397 1389 etiam
1420 1324 1535 1390 fraude
1554 1324 1667 1390 Aetius
1689 1325 1838 1409 perierat,

218 1429 251 1493 in
281 1448 394 1513 campo
417 1428 546 1510 Martio,
577 1449 635 1513 per
656 1428 798 1513 Optilam
828 1436 861 1495 et
882 1429 1123 1499 Thraufistilam
1146 1429 1232 1494 Aelii
1261 1428 1418 1494 satellites
1447 1428 1512 1493 iam
1539 1447 1691 1512 percusso
1714 1426 1841 1492 Eraclio
1862 1444 1891 1486 ιι

220 1532 361 1617 spadone
390 1538 554 1597 honestus
583 1538 642 1597 est.
690 1532 856 1616 imperium
883 1552 1008 1616 quoque
1031 1531 1101 1597 eius
1123 1532 1208 1597 idem
1230 1531 1390 1596 Maximus
1412 1530 1531 1596 invasit
1552 1530 1709 1614 tertioque
1731 1536 1842 1614 tyran-

219 1634 305 1699 nidis
335 1654 413 1699 suae
440 1654 552 1699 mense
580 1634 780 1700 membratim
804 1637 923 1701 Romae
953 1635 1147 1700 allomanis
1176 1635 1356 1719 discerptus
1385 1641 1443 1700 est.
1492 1634 1659 1700 Gizericus
1688 1640 1764 1698 tunc
1784 1653 1841 1698 rex

219 1738 435 1803 Vandalorum
465 1738 505 1803 ab
528 1738 676 1804 Eudoxia
697 1738 914 1804 Valentiniani
943 1757 1041 1804 uxore
1071 1739 1223 1804 invitatus
1253 1759 1292 1804 ex
1315 1738 1425 1803 Africa
1447 1739 1579 1803 Romam
1606 1737 1771 1820 ingressus
1793 1743 1843 1801 est

219 1862 354 1925 eamque
387 1843 498 1907 urbem
532 1843 628 1906 rebus
662 1842 808 1907 omnihus
842 1842 1037 1926 expoliatam
1071 1841 1207 1908 candem
1236 1841 1415 1906 Eudoxiam
1450 1861 1521 1906 cum
1555 1839 1681 1906 duabus
1714 1839 1841 1905 liliahus

219 1964 326 2010 secum
349 1945 383 2008 in
406 1944 516 2009 Africa
539 1944 667 2010 rediens
691 1944 793 2010 duxit.
1860 1962 1891 2003 sc

147 2061 205 2102 ron.
306 2049 371 2117 Leo
398 2048 531 2113 Bessica
558 2053 645 2112 ortus
674 2048 849 2131 progeniae
872 2048 1005 2132 Asparis
1035 2048 1160 2132 patricii
1189 2047 1332 2132 potentia
1361 2066 1401 2112 ex
1430 2047 1556 2112 tribuno
1578 2045 1717 2110 militum
1738 2046 1841 2110 factus
1859 2046 1921 2110 335

11 2180 14 2187 ·
87 2166 154 2207 ¹⁸¹⁰·
168 2166 206 2206 ⁴⁵⁷
221 2159 271 2218 est
291 2153 472 2237 imperator.
503 2152 515 2235 ΙΙ
542 2151 633 2216 cuius
655 2158 733 2217 nutu
756 2172 829 2216 mox
852 2152 922 2216 loco
945 2151 1162 2223 Valentiniani
1185 2151 1271 2237 apud
1295 2152 1481 2216 Ravennam
1504 2148 1698 2214 Maiorianus
1721 2148 1842 2213 Caesar

104 2268 154 2310 Get
168 2269 207 2310 ²³ss
221 2263 270 2321 est
299 2255 482 2336 ordinatus,
512 2253 525 2338 ΙΙ
551 2254 606 2337 qui
635 2254 728 2319 tertio
756 2255 891 2319 necdum
921 2276 1004 2320 anno
1033 2256 1161 2339 expleto
1190 2255 1223 2319 in
1253 2275 1352 2338 regno
1381 2254 1470 2337 apud
1492 2253 1665 2318 Dertosam
1688 2251 1843 2317 occiditur

218 2359 349 2441 locoque
379 2357 449 2422 eius
480 2357 549 2422 sine
578 2357 732 2442 principis
762 2358 852 2422 iussu
875 2359 991 2423 Leonis
1013 2358 1207 2423 Severianus
1237 2357 1372 2422 invasit:
1410 2356 1469 2421 sed
1502 2361 1534 2420 et
1563 2354 1633 2439 ipse
1662 2353 1842 2438 tyrannidis
1860 2357 1923 2419 336

101 2456 206 2552 ρξἔρζζ
220 2461 270 2526 sui
292 2461 384 2526 tertio
406 2481 489 2525 anno
511 2461 640 2545 expleto
656 2462 776 2526 Romae
799 2461 955 2527 occubuit.
974 2463 987 2546 ll
1003 2472 1078 2526 tunc
1093 2462 1157 2526 Leo
1173 2460 1377 2525 Anthemium
1398 2458 1465 2524 divi
1481 2457 1635 2523 Marciani
1651 2478 1805 2541 generum
1814 2460 1837 2539 ²)
1860 2476 1891 2519 ro

218 2584 259 2629 ex
292 2565 425 2648 patricio
461 2564 632 2629 Caesarem
670 2543 830 2630 ordinansl
858 2566 977 2630 Romae
1012 2565 1045 2629 in
1080 2565 1215 2649 imperio
1250 2551 1416 2629 distinavit
1449 2561 1657 2645 Bigelemque
1688 2560 1841 2626 Getarum

219 2688 328 2751 regem
352 2687 408 2753 per
430 2667 629 2733 Ardaburem
652 2668 785 2752 Asparis
808 2668 908 2733 lilium
931 2668 1091 2737 interemit
1100 2671 1135 2751 ³).
1184 2667 1375 2732 Basiliscum
1399 2671 1568 2748 cognatum
1592 2683 1703 2746 suum,
1734 2663 1769 2728 id
1793 2670 1843 2728 est
1861 2664 1922 2727 337

218 2772 349 2837 fratrem
372 2772 538 2855 Augustae
561 2771 699 2837 Verinae
722 2771 862 2836 Alricam
892 2771 1036 2853 dirigens
1066 2791 1136 2836 cum
1161 2771 1319 2851 exercitu,
1354 2768 1408 2853 qui
1430 2767 1539 2832 navali
1562 2766 1683 2852 proelio
1706 2767 1842 2832 Charta-

217 2875 324 2958 ginem
353 2894 450 2959 saepe
479 2873 675 2957 adgrediens
704 2881 778 2938 ante
809 2895 848 2939 ea
881 2875 983 2939 victus
1017 2874 1192 2959 cupiditate
1225 2872 1369 2958 pecuniis
1404 2871 1547 2936 vendidit
1580 2870 1648 2953 regi
1677 2869 1842 2935 Vandalo-
1860 2888 1890 2930 ιι

104 2992 153 3034 σοι
167 2992 206 3034 2³⁹
219 2999 299 3058 rum,
325 2998 421 3060 quam
437 2978 470 3042 in
486 2979 697 3044 Romanorum
713 2983 905 3060 potestatem
920 2977 1081 3059 redigeret
1089 2980 1126 3058 ⁴).
1146 2977 1158 3060 ll
1174 2978 1332 3061 Asparum
1348 2981 1455 3040 autem
1478 2973 1647 3058 patricium
1669 2993 1740 3039 cum
1763 2972 1841 3037 filiis
1859 2974 1921 3038 338

219 3080 419 3146 Ardaburem
443 3087 476 3145 et
497 3080 700 3145 Patriciolum
723 3080 861 3145 Zenonis
883 3079 993 3163 generi
1017 3079 1067 3144 sui
1088 3079 1240 3144 instinctu
1263 3077 1296 3142 in
1319 3077 1441 3162 palatio
1462 3075 1634 3142 trucidavit
1648 3074 1660 3160 ΙΙ
1675 3076 1843 3159 occisoque

45 3179 206 3275 mm}
219 3185 338 3249 Romae
361 3183 531 3249 Anthemio
557 3184 569 3266 ll
595 3183 751 3267 Nepotem
782 3181 881 3247 lilium
904 3182 1075 3265 Nepotiani
1106 3182 1256 3267 copulata
1277 3187 1372 3265 nepte
1395 3181 1509 3245 suain
1532 3179 1732 3244 matrimonio
1753 3178 1841 3264 apud

218 3288 404 3352 Ravennam
427 3307 485 3371 per
500 3287 718 3352 Domitianum
741 3287 890 3351 clientem
913 3306 1006 3352 suum
1022 3286 1194 3353 Gaesarem
1218 3285 1378 3350 ordinavit
1387 3287 1424 3364 ⁵).
1471 3283 1525 3366 qui
1541 3284 1653 3367 Nepus
1668 3302 1767 3365 regno
1784 3303 1842 3368 po-

217 3391 293 3456 titus
316 3391 459 3474 legitimo
482 3389 681 3474 Glycerium,
708 3390 762 3474 qui
784 3390 846 3455 sihi
868 3391 1034 3474 tyrannico
1058 3410 1144 3456 more
1167 3409 1300 3472 regnum
1323 3387 1535 3472 inposuisset,
1562 3387 1604 3452 ah
1626 3385 1761 3470 imperio
1783 3406 1841 3451 ex-
1860 3404 1891 3446 ao

217 3495 343 3580 pellens
373 3494 406 3558 in
429 3494 550 3559 Salona
572 3493 753 3558 Dalmatiae
782 3494 966 3579 episcopum
995 3493 1081 3560 fecit.
1129 3493 1176 3558 sic
1205 3512 1329 3576 quoque
1356 3492 1421 3557 Leo
1444 3491 1584 3556 Leonem
1614 3489 1770 3556 iuniorem
1800 3509 1840 3556 ex
1859 3488 1923 3554 333

304 3862 331 3907 Η
341 3860 363 3907 Ρ
378 3859 427 3907 VS
441 3859 465 3922 (8
486 3860 678 3908 Valentinianus
695 3886 729 3895 —
749 3859 779 3907 17
799 3859 940 3920 imperator)
955 3859 977 3906 L
990 3859 1085 3907 Paulae
1097 3859 1120 3907 h.
1137 3858 1167 3906 a.
1183 3860 1224 3917 15,
1242 3862 1253 3904 l
1277 3856 1317 3917 (ll
1338 3855 1403 3918 apud
1420 3883 1453 3890 -
1475 3853 1506 3903 19
1524 3856 1631 3913 invasit3
1652 3852 1685 3903 28
1704 3854 1788 3916 Nepus
1805 3880 1841 3890 -

218 3947 251 3995 so
269 3948 350 4008 ιωιιι,
389 3945 521 4005 aramum
539 3948 564 4006 ι,
585 3948 610 4006 ι,
633 3948 664 3994 ιι
685 3944 727 4005 tao
745 3952 805 3992 tune
823 3971 858 3980 -
875 3943 908 3994 25
927 3944 1071 4006 redigeret).
1109 3959 1129 3991 c.
1148 3946 1179 3991 m
1195 3944 1218 4002 (a
1231 3942 1264 3991 ao
1276 3943 1346 4002 ιω).
1366 3967 1401 3976 -
1419 3940 1485 3990 nor.
1504 3956 1531 4001 ρ,
1546 3927 1609 3988 saei
1626 3956 1651 3990 v.
1668 3938 1698 3987 ro
1717 3940 1770 3988 -un
1789 3942 1837 3989 ωι.

303 4119 318 4167 2
337 4117 434 4186 diuina]
453 4120 528 4167 diuisi
548 4135 562 4166 ι
584 4119 603 4164 V
734 4118 749 4166 5
768 4120 830 4167 llorn
853 4118 872 4163 V
998 4116 1012 4163 7
1032 4123 1167 4165 moreretur
1185 4117 1208 4163 P
1328 4128 1378 4176 que
1396 4127 1443 4162 om.
1469 4114 1489 4159 V
1614 4111 1630 4160 9
1648 4116 1732 4160 autern
1750 4125 1798 4161 om.
1819 4112 1841 4159 1,

219 4204 250 4254 10
268 4206 369 4254 obtilam
388 4205 434 4254 PV
536 4212 562 4254 et
579 4205 742 4254 hreutlstilam
761 4205 798 4252 L:
818 4204 966 4252 Transtilam
986 4201 1148 4251 Marcellinus
1252 4214 1397 4264 pereecusso
1415 4201 1442 4246 Η
1542 4194 1643 4265 eraclio]
1663 4198 1714 4260 VL,
1734 4198 1841 4248 hereollo

196 4283 243 4352 ’3,
265 4293 367 4340 eracclio
386 4291 435 4339 ΗΡ
572 4290 603 4339 12
621 4291 762 4354 discreptus
780 4289 820 4337 1¹⁰
959 4285 1032 4355 tuno]
1057 4288 1092 4336 hie
1109 4288 1133 4336 P
1272 4286 1302 4336 13
1327 4286 1469 4336 eudoslaL
1607 4283 1639 4332 14
1664 4285 1752 4335 eadem
1770 4283 1843 4333 HPV

220 4378 251 4427 15
269 4374 356 4444 sirim]
369 4377 502 4440 ritumve,
523 4377 660 4426 airicemL
767 4376 797 4425 16
815 4370 960 4440 progeniae]
974 4373 1055 4434 HPV,
1077 4373 1234 4436 progenies,
1255 4371 1400 4435 promnion
1506 4370 1535 4419 ll
1556 4368 1632 4437 nutu]
1650 4377 1738 4419 notum
1750 4370 1807 4419 libel

218 4465 358 4513 ualentiani
370 4464 424 4525 ΗΡ,
445 4464 621 4512 ualentiniaV
722 4459 801 4529 apud]
820 4475 876 4510 mox
889 4461 956 4524 apud
969 4459 1005 4509 L‘
1111 4458 1141 4509 19
1161 4460 1271 4510 Sancum
1293 4459 1346 4509 Get.
1362 4461 1481 4508 23θσαιιι
1494 4457 1640 4506 Marcellino
1744 4454 1777 4505 20
1795 4457 1842 4504 Ar-

217 4552 321 4599 temium
339 4552 381 4601 Fr.
487 4548 517 4598 21
539 4550 640 4610 bigilem
653 4550 682 4610 t,
705 4549 824 4609 Bigenem
843 4548 884 4596 Fr.
990 4545 1023 4595 22
1042 4547 1196 4596 Ardaburem
1214 4546 1255 4594 Fr.
1363 4543 1397 4594 24
1414 4540 1455 4611 ου]
1472 4543 1552 4603 HPV,
1572 4544 1664 4592 semla
1768 4543 1841 4604 cupl-

217 4640 319 4688 dilatem
337 4639 410 4686 HPV
520 4637 553 4686 25
572 4640 695 4699 potestate
715 4634 782 4682 PVL
885 4633 1005 4693 redigerit
1022 4633 1079 4682 libri
1191 4630 1225 4681 26
1242 4632 1380 4693 geuerlsL
1492 4629 1525 4679 21
1544 4631 1598 4678 dliu
1621 4630 1642 4677 V
1743 4628 1777 4678 28
1794 4644 1840 4692 po-

217 4729 269 4775 tius
293 4725 312 4771 V
413 4724 447 4773 29
464 4724 610 4785 inposuerat
627 4721 649 4769 L
753 4720 786 4769 30
803 4717 876 4787 lecit]
894 4719 1020 4768 ordinauit
1037 4719 1059 4767 L

450 4896 614 4905 ——--—

306 5017 328 5078 1)
349 5013 486 5085 Βλέμμυες
503 5013 547 5066 nel
563 5009 696 5083 Ναύβαδες
714 5013 782 5075 opud
802 5012 914 5062 Priamem
931 5012 966 5073 fr.
982 5014 1012 5061 21
1034 5011 1140 5076 Moett:
1159 5010 1194 5072 el.
1208 5010 1243 5072 fr.
1259 5012 1299 5060 22.

303 5103 327 5165 2)
350 5104 509 5151 Anthemium
527 5117 642 5164 ρωιτιυιη
659 5102 737 5163 faisse
756 5098 880 5149 Marciani
897 5113 975 5161 neque
993 5102 1019 5146 in
1037 5097 1128 5149 Getieis
1146 5099 1235 5158 lepilar
1251 5110 1329 5160 neque
1346 5096 1414 5158 opud
1426 5095 1607 5155 Mareellinam,
1628 5096 1697 5144 hehet
1716 5097 1842 5157 Macerino

219 5193 242 5255 2,
265 5195 297 5240 16
316 5194 342 5239 in
359 5193 466 5251 epitoma
485 5204 560 5251 quom
577 5191 626 5250 lpse
644 5193 680 5238 ait
697 5192 821 5248 sumptum
838 5201 888 5235 esee
906 5200 934 5234 ea
951 5186 1137 5247 diligentissimo
1156 5184 1233 5233 Prieni
1250 5185 1400 5233 moratione.

304 5276 328 5339 3)
350 5276 397 5324 Res
414 5275 474 5324 alili
491 5290 542 5325 non
558 5280 715 5324 memoratur.
750 5273 785 5334 es.
806 5273 898 5322 daldae
915 5288 935 5323 e.
956 5288 998 5320 σ..·
1023 5262 1198 5341 Ἀρὸαβυὺριυς
1216 5267 1270 5326 υἱὸς
1283 5257 1408 5338 Ἀσπαρυς
1425 5271 1542 5338 γενναῖος
1559 5267 1603 5320 τὸν
1622 5264 1704 5337 θυμὸν
1720 5266 1765 5320 nel
1781 5266 1841 5325 τοὺς

217 5361 265 5430 τὴν
286 5350 388 5432 Θρᾴκην
406 5357 532 5418 πολλάκις
549 5357 759 5428 καταδραμόντας
778 5357 921 5428 βαρβάρους
940 5356 1072 5427 εὐρώστως
1090 5353 1327 5425 ἀπυαρυυσάμτνσς.

304 5449 328 5508 4)
351 5448 475 5508 Euagrius
493 5449 511 5497 l.
530 5463 571 5496 ω.-
591 5443 748 5513 ὶαιτίμιιεται
767 5443 795 5496 hl
814 5444 951 5514 στρατηγὸς
968 5443 1034 5496 κατὰ
1053 5439 1184 5513 Γιζτρίχσυ
1204 5439 1358 5500 Βασιλὶσασς
1376 5439 1391 5494 ὁ
1408 5447 1455 5513 τῆς
1468 5438 1578 5499 Λέοντος
1595 5439 1713 5510 γυναικὸς
1731 5437 1841 5511 ἀδελφὸς

218 5532 282 5604 μετὰ
301 5531 495 5602 στρατευμάτων
514 5529 656 5601 ἀριστίνδην
675 5528 883 5601 συνειλεγμένων,
903 5528 968 5600 ἅπερ
986 5528 1153 5601 ἀκριβέστατα
1171 5525 1273 5598 Πρίσκῳ
1291 5526 1331 5596 τῷ
1349 5526 1437 5599 ρητόρι
1454 5525 1604 5596 πεπόνηται.

304 5622 329 5684 5)
352 5621 400 5670 lVee
415 5626 509 5682 petrem
528 5620 627 5682 Nepotis
644 5635 689 5671 nee
707 5621 879 5670 Domitianam
894 5620 959 5669 harre
976 5621 1064 5681 rellpui
1081 5622 1193 5666 cadom
1210 5621 1354 5666 memorem.

1596 5713 1636 5767 61
