4246 6082
350 297 453 364 LXIV
1052 295 1280 352 Paoouurvn.

357 520 514 603 Iordanis,
534 539 628 603 quem
644 519 770 585 nomine
786 540 912 603 quoque
933 519 1065 603 (scilicet
1080 519 1132 587 ed.
1151 542 1182 605 p.
1202 522 1280 586 678:
1308 522 1505 584 6116166666
1520 557 1562 566 —
1579 520 1626 585 616
1640 539 1746 587 611616
1762 558 1803 566 -
1820 524 1990 583 11666666-

358 651 405 705 tce
420 643 507 705 'uirbis
523 645 678 724 episcopus
701 643 817 722 scribit,
843 640 920 706 item
944 639 999 706 ubi
1022 640 1125 706 locum
1148 662 1180 726 p.
1200 643 1251 723 64,
1271 643 1312 704 20
1334 639 1494 723 exscribit,
1521 641 1555 705 in
1578 639 1721 723 margine
1744 646 1806 706 est:
1839 645 1899 704 ‘sic
1915 646 1990 704 lor-

360 761 496 846 166616)
516 761 664 827 adhibuit
678 760 792 826 Getica
813 781 874 827 nec
896 781 1002 846 pauca
1024 760 1100 826 inde
1122 759 1165 825 ad
1180 760 1312 826 verbum
1335 759 1545 845 transcripsit.
1587 778 1664 826 usus
1685 765 1735 826 est
1756 759 1864 826 codice
1886 759 1988 826 huius

355 881 476 947 ordinis
498 881 533 946 ni
555 880 651 945 fallor
672 881 832 967 principe:
869 887 955 947 66116
978 879 1075 947 61166
1098 879 1273 946 Vedastino
1296 881 1482 946 coenobitae
1504 886 1614 946 auctor
1643 879 1815 965 episcopus
1845 889 1895 948 est
1916 883 1989 947 Ra-

354 1020 486 1083 vennae,
513 1020 662 1085 quaeque
683 1001 760 1067 inde
782 1000 930 1086 repetivit
951 1008 984 1067 et
1006 1000 1176 1067 ostendunt
1190 1000 1358 1066 Iordanem
1375 1020 1448 1066 eum
1464 1000 1582 1084 legisse
1598 1000 1713 1066 litteris
1728 1001 1987 1085 Langobardicis

355 1122 509 1207 scriptum
537 1121 632 1205 [6666
662 1121 794 1187 veniunt
816 1125 868 1204 60,
895 1123 914 1184 9
937 1123 1181 1186 olmcrocborom
1203 1142 1259 1206 pro
1282 1124 1510 1206 6166666166
1533 1128 1565 1187 61
1589 1125 1661 1203 116,
1689 1125 1707 1184 7
1730 1141 1762 1184 66
1784 1125 1902 1186 6111666
1924 1142 1987 1207 616

354 1244 518 1324 16611166)
545 1243 787 1308 6166666166
811 1241 912 1307 sicubi
941 1240 1037 1307 huius
1067 1240 1209 1308 familiae
1239 1241 1312 1306 libri
1341 1240 1395 1325 qui
1425 1247 1597 1326 supersunt
1624 1240 1658 1306 in
1688 1240 1817 1306 diversa
1846 1243 1981 1326 abeunt,

355 1361 478 1427 melion'
501 1361 630 1427 lectioni
652 1362 792 1429 adsentit
825 1365 870 1445 (ut
894 1366 965 1444 110,
995 1366 1033 1426 15
1064 1363 1148 1426 uobis
1178 1381 1249 1426 cum
1272 1367 1423 1427 Zcontra
1445 1364 1523 1444 ll),
1558 1361 1617 1428 sed
1646 1361 1744 1428 habet
1771 1361 1866 1427 etiam
1896 1384 1985 1447 quae

357 1482 506 1548 omittunt
528 1487 602 1546 l'l'Z
621 1484 720 1549 verba
741 1503 774 1568 p.
800 1485 851 1565 62,
881 1487 917 1546 15
940 1482 1080 1566 1166666
1102 1481 1224 1564 aliquot
1245 1481 1323 1547 locis
1346 1487 1456 1547 contra
1479 1501 1587 1547 eorum
1610 1500 1799 1547 consensum
1822 1482 1987 1567 antiquio-

353 1622 419 1668 rem
444 1602 634 1686 scripturam
657 1602 798 1669 servavit
826 1603 944 1687 (6160,
972 1606 1167 1684 8661166166,
1201 1604 1272 1683 108,
1301 1603 1465 1685 31166111,
1495 1605 1564 1684 110,
1595 1605 1809 1687 1661666616,
1839 1607 1910 1684 110,
1938 1607 1983 1668 25

352 1726 477 1808 cutem).
517 1722 561 1789 ad
583 1722 679 1788 crisin
700 1723 961 1788 Iordanianorum
985 1722 1063 1789 licet
1086 1728 1238 1806 excerpta
1259 1721 1443 1787 Duaocnsia
1464 1729 1659 1787 momentum
1682 1742 1753 1788 1616
1775 1723 1921 1805 afferant,
1954 1724 1985 1788 si

352 1842 436 1910 iusto
459 1851 602 1929 tempore
625 1863 733 1909 eorum
756 1843 849 1929 copia
870 1843 947 1908 mihi
971 1842 1058 1909 16616
1079 1849 1176 1925 66661,
1205 1842 1376 1926 666616161
1399 1841 1506 1908 6111166
1528 1842 1619 1907 varia
1640 1842 1735 1908 lectio
1758 1842 1984 1910 6616616616-

354 1963 492 2029 serenda
514 1964 638 2046 luisset,
666 1971 700 2029 ut
723 1963 786 2030 ieci
808 1963 1000 2045 quibusdam
1023 1962 1102 2028 locis
1126 1981 1204 2028 usus
1220 1961 1261 2027 iis
1276 1982 1358 2046 quae
1374 1982 1392 2028 6
1407 1961 1569 2027 Duacensi
1585 1961 1803 2028 Betbmannus
1819 1969 1981 2030 enotarat.

351 2083 415 2149 iam
437 2104 509 2150 sero
531 2092 645 2151 nactus
667 2085 792 2168 integra
813 2084 873 2149 hoc
895 2088 980 2148 certe
998 2082 1068 2147 loco
1083 2102 1139 2166 pro
1154 2081 1377 2167 supplemento
1394 2081 1543 2148 editionis
1559 2082 1758 2148 Waitzianae
1777 2085 1820 2168 (p.
1840 2086 1977 2169 61966.)

351 2204 475 2269 subieci
497 2204 666 2270 elenchum
689 2210 910 2290 excerptorum
933 2222 974 2268 ex
996 2200 1132 2267 Iordane
1155 2202 1324 2286 petitorum
1353 2203 1405 2268 vel
1437 2208 1521 2268 66116
1552 2203 1790 2268 coniunctorum
1813 2224 1885 2269 cum
1908 2205 1985 2269 Ior-

351 2323 500 2390 danianis
522 2324 685 2411 adscripta
707 2324 796 2390 varia
818 2324 971 2407 lectione,
1005 2321 1060 2387 ubi
1081 2343 1102 2386 6
1123 2341 1196 2387 666
1218 2322 1404 2388 recensione
1426 2322 1605 2389 discedunt.
1651 2343 1747 2406 quem
1776 2323 1879 2389 locum
1911 2325 1985 2390 sin-

351 2445 430 2526 gula
458 2452 608 2530 excerpta
639 2445 672 2510 in
700 2444 924 2529 compilatione
952 2442 1116 2507 Duaocnsi
1146 2448 1275 2508 teneant
1305 2443 1333 2507 si
1363 2444 1418 2525 qui
1447 2443 1508 2510 6111
1535 2444 1591 2526 661
1619 2450 1769 2526 6666161,
1803 2443 1984 2530 66666616

354 2563 492 2631 editione
515 2565 697 2631 Waitziana
719 2564 816 2631 166116
838 2562 1016 2646 intelleget.

439 2720 600 2802 [Veterum
623 2718 777 2785 relatores
800 2717 1023 2803 hystoriarum]
1055 2719 1063 2801 [
1065 2739 1098 2801 p.
1126 2722 1177 2800 54,
1208 2719 1341 2801 10-16)
1369 2718 1465 2785 161166
1488 2756 1529 2765 -
1552 2718 1776 2802 cognominant

556 2852 599 2914 54,
623 2850 653 2902 14
673 2848 910 2918 61116116166666

439 2972 563 3054 [66161]
595 2970 637 3052 (6.
664 2971 716 3051 58,
746 2968 859 3053 1-11)
886 2967 1043 3034 Claudius
1072 2967 1276 3033 Ptholomeus
1304 3004 1346 3014 —
1376 2967 1551 3051 descriptor
1580 2966 1614 3032 in
1644 2966 1756 3032 oceani
1783 2967 1980 3034 -1666166

505 3088 682 3175 dispositae

554 3221 597 3281 58,
618 3221 633 3269 2
652 3218 750 3272 oceani
770 3217 858 3270 arctoi
882 3216 911 3270 id
931 3221 975 3271 est
998 3217 1222 3286 septemtrionali
1246 3218 1307 3271 salo
1331 3247 1361 3255 -
1384 3216 1496 3271 scannia
1520 3221 1545 3270 et
1562 3215 1601 3268 sic
1618 3216 1662 3269 cel
1678 3216 1811 3271 seandzie
1824 3220 1921 3284 posteo
1939 3247 1978 3256 -

556 3307 570 3354 1
590 3304 626 3357 66
645 3305 783 3357 orientem
801 3332 834 3340 -
853 3303 868 3352 8
887 3303 1022 3370 gremium
1041 3332 1073 3341 —
1093 3306 1108 3355 9
1126 3304 1312 3357 immenso-
1333 3305 1363 3354 10
1382 3307 1503 3357 excunte
1520 3331 1555 3340 -
1575 3303 1605 3352 12
1624 3316 1686 3356 6666
1705 3320 1756 3354 om.

438 3423 481 3505 tin
503 3423 619 3505 quibus
642 3422 755 3487 insulis
778 3421 898 3486 multae
920 3427 952 3487 et
974 3420 1120 3487 diversae
1143 3429 1328 3488 manserunt
1356 3423 1514 3505 nationes,
1548 3441 1681 3504 quarum
1712 3419 1852 3486 omnium
1882 3441 1976 3488 sum-

501 3528 598 3609 mum]
623 3526 667 3609 [6.
687 3530 737 3607 05,
761 3527 787 3608 1)
809 3522 1228 3589 1611616616161616161166
1251 3532 1365 3608 gentes
1386 3544 1493 3588 arcum
1516 3523 1681 3590 intendere
1703 3524 1821 3607 nervis,
1844 3526 1976 3608 [certari

502 3629 692 3711 missilibus,
726 3626 879 3694 delectari
909 3626 1060 3711 cytharis.
1106 3627 1219 3693 harum
1242 3628 1372 3710 inquam
1393 3626 1557 3692 nationum
1579 3626 1709 3690 nomina
1738 3627 1813 3709 quia
1841 3627 1974 3695 fuerunt

501 3733 638 3798 barbara
660 3738 849 3815 nostraeque
871 3730 1038 3796 Latinitati
1069 3730 1201 3797 dissona
1230 3731 1427 3814 reliquimus.
1475 3731 1567 3814 6666)
1599 3733 1644 3812 (p.
1670 3733 1722 3810 60,
1750 3735 1781 3793 4.
1800 3731 1829 3813 5)
1856 3738 1974 3815 gentes

502 3835 670 3901 Germanis
700 3874 742 3882 —
771 3833 903 3917 sevitia,
942 3838 993 3916 [ex
1022 3833 1148 3918 quibus]
1181 3836 1224 3918 (p.
1251 3837 1303 3917 59,
1333 3838 1380 3916 14)
1416 3832 1501 3898 Dani
1537 3834 1579 3914 [61
1607 3831 1727 3913 (ictae,
1761 3841 1843 3915 quae
1868 3834 1974 3919 primo

502 3938 716 4021 Hostrogothi,
742 3938 776 4003 id
799 3944 848 4003 est
869 3937 1173 4020 orientales-Gothi,
1198 3957 1283 4002 nunc
1306 3936 1408 4001 diviso
1431 3935 1586 4001 vocabulo
1609 3934 1783 4017 vesegothi
1812 3934 1968 4021 16166161,

502 4042 647 4108 16166161
669 4041 815 4126 egressi]
847 4041 891 4123 [6.
918 4044 970 4123 60,
997 4044 1074 4104 6-
1090 4045 1142 4123 61,
1169 4043 1198 4122 4)
1226 4061 1266 4105 ex
1288 4040 1350 4105 hac
1372 4039 1470 4123 igitur
1492 4078 1531 4086 -
1556 4044 1725 4123 properant

553 4174 595 4235 60,
617 4174 632 4224 8
650 4185 750 4224 66666
769 4169 832 4223 1666
849 4198 882 4206 -
901 4171 916 4221 9
936 4169 1157 4224 ulmerachorum
1175 4198 1209 4207 —
1229 4170 1260 4218 13
1278 4167 1385 4222 filamer
1404 4197 1434 4207 -
1455 4167 1493 4221 fil.
1507 4168 1573 4237 gad.
1588 4185 1638 4219 661.
1652 4197 1685 4205 -
1701 4169 1730 4219 11
1744 4168 1841 4234 16166.)
1858 4167 1974 4223 616616-

554 4257 650 4312 biliter
667 4286 702 4295 —
721 4258 751 4308 19
765 4255 860 4309 reddit
877 4284 910 4293 —
929 4257 961 4307 20
974 4256 1157 4311 attestatione
1175 4286 1202 4295 -
1227 4256 1257 4306 21
1278 4271 1359 4308 acm.
1378 4285 1413 4294 -
1430 4256 1472 4320 61,
1490 4255 1501 4304 1
1522 4253 1651 4322 philimcr
1668 4281 1703 4291 —
1719 4253 1972 4307 inmanissimis

552 4358 665 4397 666666
683 4371 717 4379 -
735 4346 833 4411 661616
850 4342 934 4411 661111
953 4342 1014 4396 6616

438 4465 481 4547 (6.
508 4468 560 4546 61,
590 4466 627 4526 12
643 4498 686 4509 -—
702 4464 752 4544 62,
781 4464 808 4546 3)
837 4461 972 4545 Scythia
999 4464 1115 4544 [66166
1138 4461 1236 4545 regio]
1263 4460 1455 4526 Germaniae
1477 4497 1521 4507 —
1543 4459 1661 4524 fontem

552 4593 594 4657 61,
618 4593 648 4641 13
667 4597 796 4660 stagnum
813 4619 847 4628 -
872 4590 991 4645 1411166
1014 4619 1048 4627 -
1073 4591 1103 4641 15
1125 4590 1261 4645 ambitum
1284 4619 1319 4629 --
1344 4591 1374 4641 16
1398 4590 1427 4643 16
1452 4589 1566 4644 61616116
1587 4593 1668 4657 66116
1691 4617 1726 4625 -
1751 4589 1781 4639 11
1804 4587 1913 4642 sinibus
1935 4619 1972 4627 -

551 4679 594 4742 62,
617 4679 628 4728 1
649 4683 745 4731 616166
764 4706 798 4715 -
815 4678 830 4727 3
849 4676 886 4730 ab
904 4676 997 4731 hostio
1016 4692 1067 4731 suo

435 4802 479 4883 [6.
506 4801 556 4880 62,
585 4802 661 4861 7-
677 4800 729 4880 63,
758 4799 806 4880 18)
832 4795 866 4860 16
888 4795 978 4861 66166
1000 4795 1141 4862 Scithiae
1163 4833 1205 4842 —
1228 4795 1391 4863 habitasse

551 4928 593 4990 61,
615 4929 629 4976 1
648 4925 742 4979 66616
766 4955 800 4963 -
824 4925 1046 4980 866611661666
1066 4954 1099 4963 -
1117 4925 1268 4979 66611666
1282 4939 1320 4962 ·-
1339 4927 1354 4977 9
1373 4925 1447 4988 6616)
1468 4923 1559 4976 611-
1579 4925 1609 4973 12
1629 4921 1730 4976 1161666
1754 4951 1785 4960 -
1812 4923 1842 4973 14
1861 4924 1972 4992 666116-

552 5029 615 5067 nem
633 5042 666 5050 -
685 5015 727 5074 63,
750 5013 759 5062 1
781 5011 982 5067 nouietanensc
999 5040 1034 5050 —-
1053 5014 1067 5062 3
1086 5011 1237 5079 6616-4
1256 5011 1444 5065 extenduntur
1457 5027 1507 5064 coa
1527 5038 1560 5047 —
1578 5011 1594 5060 6
1614 5008 1734 5062 61666111
1747 5037 1781 5046 -
1795 5009 1825 5060 10
1845 5006 1971 5064 16111661-

551 5114 656 5153 66166
673 5127 708 5135 -
727 5096 928 5153 166666166166
944 5128 978 5136 -
999 5099 1028 5149 11
1048 5097 1227 5168 thraciasque
1244 5129 1279 5137 —
1296 5113 1372 5152 mare
1390 5115 1440 5149 66.

437 5221 482 5303 (p.
508 5224 560 5302 64,
588 5220 680 5302 5-8)
707 5218 742 5283 16
764 5217 867 5302 61166
889 5219 966 5285 6666
989 5257 1030 5266 -
1053 5217 1216 5302 annalium

552 5352 593 5414 04,
614 5353 630 5400 6
649 5347 770 5417 61661611
790 5348 863 5402 6666
882 5348 1029 5418 loquimur]
1050 5348 1132 5417 primi
1150 5354 1180 5403 61
1198 5347 1306 5419 antiqui
1324 5346 1403 5416 gothi
1420 5375 1456 5384 -
1473 5344 1614 5415 phylimer
1631 5374 1664 5382 -
1683 5345 1698 5396 1
1718 5344 1861 5399 salmoxen

437 5470 481 5551 [6.
507 5472 559 5552 64,
585 5471 722 5553 20-23)
754 5469 808 5553 [16)
833 5468 1092 5535 1611166666-
1115 5467 1309 5534 serviebant.
1355 5470 1402 5531 bic
1433 5471 1463 5528 io
1491 5469 1647 5549 orrsrpbm:
1672 5465 1718 5531 sic
1739 5463 1899 5531 Iordanis·

551 5599 593 5664 04,
614 5599 644 5649 21
665 5615 749 5670 66616
766 5628 800 5637 -
819 5604 850 5652 61
868 5614 930 5668 sup.
951 5600 1008 5654 dix.
1029 5619 1078 5654 661.
1099 5628 1133 5637 -
1151 5598 1255 5662 effecti}
1275 5597 1394 5651 caeteris
1412 5596 1507 5650 offecti
