4246 6082
914 320 1143 378 Ptrooslssvrt.

343 568 375 632 p.
402 550 453 626 59,
506 551 519 609 1
546 545 873 626 9999991999991117,
899 545 1325 624 99991999991111711199,
1352 542 1523 609 crefennae
1547 545 1599 605 OB

500 649 613 716 29919
635 649 744 715 99199
767 652 848 730 XII,
874 648 981 714 ouium
1007 652 1068 731 OB,
1095 648 1202 714 ouium
1224 647 1396 729 auiumque
1418 645 1547 710 HPVLA

400 754 451 834 84,
500 758 519 815 4
541 752 618 836 iugo
640 751 725 817 hemi
742 751 849 833 AXI'Z,
876 751 986 835 iugum
1010 752 1094 817 9919
1116 755 1205 832 HPV,
1232 751 1342 834 iugum
1365 749 1434 815 eius
1462 755 1496 830 t,
1521 750 1632 832 iugum
1649 751 1684 828 0,
1711 747 1786 831 iugo
1810 752 1837 810 B

381 859 451 938 107,
480 858 517 917 17
542 854 680 920 diuersis
702 854 845 937 gentium
868 858 927 934 lt,
960 853 1097 920 diuersis
1125 853 1275 937 gentibus
1303 859 1335 918 et
1366 856 1428 936 OB,
1461 851 1669 936 superbarum
1692 850 1835 933 gentium

540 957 669 1021 HPVLA

381 1064 449 1142 125,
477 1064 517 1124 25
541 1060 797 1146 conspiratioque
820 1065 901 1143 Xl'Z,
927 1061 1171 1146 conspiraloqnc
1195 1058 1310 1141 HPVA,
1338 1058 1650 1144 conspiratorumque
1675 1062 1727 1122 OB

212 1182 267 1265 qui
290 1182 352 1247 loci
373 1182 418 1246 ita
441 1182 615 1266 comparati
637 1189 727 1264 sunt,
763 1188 798 1247 ut
825 1201 929 1263 neque
959 1181 1000 1246 de
1030 1202 1107 1247 casu
1135 1201 1240 1264 neque
1269 1179 1310 1245 de
1338 1180 1519 1245 coniectura
1548 1185 1633 1244 recte
1664 1179 1829 1262 cogitetur.

213 1322 271 1367 nee
293 1308 378 1367 recte
401 1301 512 1387 opinor
533 1301 687 1368 obicietur
708 1301 855 1387 paucitas
885 1303 1115 1386 exemplorum.
1161 1321 1236 1366 nam
1266 1321 1337 1366 eum
1366 1306 1477 1365 auctor
1498 1298 1573 1364 talis
1604 1299 1663 1381 sit,
1697 1299 1748 1364 cui
1769 1299 1833 1383 ipsi

208 1421 485 1507 perturbatissima
513 1442 660 1506 quaeque
690 1429 723 1487 et
751 1420 953 1506 ineptissima
983 1422 1096 1488 merito
1125 1421 1266 1504 tribuas,
1297 1421 1332 1485 in
1362 1419 1483 1485 Getieis
1506 1425 1628 1500 antem,
1660 1419 1832 1501 inquibus

208 1541 285 1607 solis
308 1541 456 1609 diversae
480 1541 614 1626 originis
637 1540 763 1608 codices
785 1549 912 1626 praesto
936 1548 1019 1623 sunt,
1045 1563 1109 1607 non
1131 1541 1222 1607 multi
1245 1540 1307 1606 loci
1329 1540 1532 1605 inveniantur
1554 1539 1599 1605 ita
1614 1538 1776 1623 desumpti
1791 1559 1831 1604 ex

207 1662 390 1728 auctoribus
412 1662 504 1728 nobis
526 1662 674 1745 servatis,
699 1668 734 1727 ut
755 1663 788 1727 in
810 1662 850 1727 iis
874 1661 965 1727 crisis
987 1668 1108 1727 certum
1131 1661 1373 1726 fundamentum
1388 1660 1515 1743 habeat,
1541 1659 1604 1724 rari
1621 1659 1685 1724 sint
1700 1678 1831 1724 neeesse

211 1790 260 1849 est
281 1783 362 1867 loci,
396 1783 451 1850 ubi
472 1782 568 1868 primi
589 1782 787 1865 secundique
810 1781 931 1848 ordinis
954 1782 1105 1848 librorum
1128 1781 1222 1847 lectio
1243 1781 1290 1846 ita
1319 1780 1466 1846 vincatur
1494 1800 1515 1844 a
1540 1779 1649 1860 tertio,
1684 1786 1719 1844 ut
1747 1779 1830 1844 hane

209 1904 376 1969 evidenter
397 1910 554 1990 appareat
574 1922 682 1968 veram
705 1922 778 1968 esse
801 1902 949 1985 auctoris,
974 1903 1064 1968 illam
1086 1908 1188 1968 ortam
1212 1922 1252 1968 ex
1275 1900 1473 1966 librariorum
1494 1899 1710 1983 neglegentia.

292 2023 415 2101 Quibus
437 2023 516 2089 locis
539 2023 740 2089 consentiunt
761 2023 794 2087 in
817 2023 975 2090 erroribus
998 2021 1112 2088 classis
1133 2023 1228 2088 tertia
1249 2029 1282 2087 et
1303 2020 1425 2106 primae
1447 2020 1573 2086 codices
1595 2019 1742 2102 quidam:

335 2165 366 2229 p.
394 2147 445 2226 72,
474 2149 512 2207 15
536 2143 705 2228 medopam
731 2147 868 2225 PVLOB,
894 2142 1058 2209 medorum
1083 2147 1185 2206 llh'l'l

392 2250 442 2328 90,
491 2251 511 2310 4
534 2265 630 2312 cerua
651 2244 809 2331 disparuit
830 2249 1005 2329 HPVSOB,
1031 2268 1088 2310 om.
1114 2250 1213 2309 IXI'Z
1229 2255 1354 2328 propter
1376 2245 1623 2308 bootoeoteleutou

372 2353 444 2433 102,
493 2352 512 2412 2
535 2349 676 2433 egeritur
696 2353 825 2435 reliqui,
851 2349 986 2435 erigitur
1006 2353 1111 2414 LXYZ

206 2470 281 2536 item
304 2470 418 2537 elassis
439 2469 533 2537 tertia
555 2489 627 2534 cum
649 2469 809 2535 secunda:

332 2612 365 2675 p.
391 2594 443 2674 84,
472 2593 509 2653 17
533 2589 722 2656 mirabiliter
737 2594 857 2675 reliqui,
883 2590 1108 2656 miserabiliter
1123 2593 1203 2653 BXY
1215 2610 1258 2653 ece
1273 2592 1501 2672 interpolatione
1516 2591 1644 2655 bominis
1662 2591 1830 2654 0191911991
1957 2676 1958 2679 ¹

372 2696 443 2776 102,
472 2697 511 2757 19
534 2693 738 2763 exconsulem
761 2697 881 2778 reliqui,
909 2700 941 2759 et
963 2694 1127 2759 consulem
1152 2697 1232 2756 ott
1255 2694 1292 2776 (B
1313 2695 1419 2777 deficit)

205 2813 250 2879 ibi
279 2833 332 2879 res
359 2812 443 2879 redit
473 2819 530 2878 aut
561 2813 605 2878 ad
638 2813 817 2897 corrigendi
849 2833 979 2880 causam
1013 2833 1212 2879 communem
1241 2820 1297 2878 aut
1325 2813 1368 2879 ad
1397 2832 1517 2879 casum.
1564 2814 1826 2899 interpolationes

204 2933 432 3018 grammaticae
454 2953 525 2999 cum
548 2933 669 3018 passim
693 2933 988 3019 deprehendantur,
1021 2932 1225 3000 inveniuntur
1248 2933 1344 3000 etiam
1374 2932 1459 2999 aliae
1487 2934 1665 3018 graviores:
1700 2937 1746 3001 119
1775 2936 1826 3000 bis

205 3076 238 3140 p.
257 3057 309 3137 78,
331 3059 380 3120 11.
407 3056 458 3136 80,
479 3058 496 3116 7
520 3052 583 3137 (hic
604 3060 712 3119 19999
734 3054 767 3118 19
784 3055 852 3120 9919
873 3059 907 3139 Y)
933 3053 1120 3120 Alexander
1134 3058 1253 3118 Muciae
1276 3052 1466 3120 emendatus
1489 3061 1538 3119 est
1559 3055 1592 3120 in
1607 3055 1825 3121 Alexandrum

203 3179 370 3239 Mommeue
395 3178 509 3258 filium,
542 3174 619 3239 item
642 3177 694 3259 88,
721 3180 738 3238 7
770 3175 920 3258 gentibus
950 3195 1033 3257 quae
1062 3181 1288 3240 enumerantur
1317 3195 1468 3242 numerus
1498 3179 1635 3240 tredecim
1665 3176 1821 3243 adiectus.

201 3294 339 3377 denique
361 3315 403 3359 ex
425 3316 506 3379 999.
532 3298 595 3359 mil.
622 3297 673 3375 88,
701 3298 719 3360 3
742 3295 861 3362 iactum
892 3303 942 3362 est
970 3316 1082 3381 mopere
1110 3298 1207 3360 milio.
1254 3302 1447 3380 quapropter
1476 3296 1573 3362 91199
1600 3297 1686 3380 quod
1708 3299 1825 3381 legitur

201 3422 253 3498 55,
272 3421 291 3479 t
314 3416 348 3481 in
362 3413 413 3481 his
428 3415 520 3481 libris
534 3418 713 3499 pppopodes,
740 3437 812 3482 cum
834 3417 867 3482 in
889 3416 1020 3500 reliquis
1043 3416 1085 3482 sit
1105 3418 1280 3500 bqppodem,
1306 3437 1365 3502 per
1387 3437 1421 3483 se
1444 3417 1610 3502 probabile
1626 3417 1824 3483 coniecturae
1920 3408 1923 3413 ’

199 3537 402 3603 tribuendum
432 3543 498 3619 991,
530 3555 608 3619 999
637 3537 825 3621 praesertim
854 3536 1060 3622 geographus
1088 3539 1262 3604 Ravennae
1294 3558 1315 3602 a
1346 3537 1479 3619 reliquis
1508 3537 1598 3603 libris
1628 3543 1691 3603 stct
1720 3545 1753 3602 et
1784 3559 1824 3602 ex

200 3658 312 3724 Ethico
333 3656 503 3722 Iordanem
524 3655 558 3721 19
581 3656 640 3722 hoc
662 3657 814 3722 librorum
836 3657 947 3723 ordine
969 3657 1182 3743 praecedente
1211 3657 1362 3724 librarius
1391 3657 1557 3742 archetypi
1580 3678 1689 3724 verum
1712 3665 1821 3743 petere

199 3777 347 3863 potuerit.

285 3897 465 3983 Principem
487 3896 583 3963 huius
597 3897 739 3963 familiae
754 3898 870 3965 librum
892 3897 1104 3984 deprehendit
1118 3898 1338 3965 Bethmannus
1359 3918 1432 3964 eum
1448 3898 1559 3981 fuisse,
1585 3919 1680 3981 quem
1695 3898 1820 3964 Wando

199 4039 257 4103 per
278 4039 308 4083 9.
326 4021 495 4083 742-747
519 4019 620 4085 abbas
642 4018 678 4083 S.
696 4018 926 4102 Wandregisili
947 4019 1141 4085 monasterio
1164 4040 1222 4114 suo
1244 4019 1367 4103 legavit
1388 4019 1522 4085 testibus
1544 4019 1645 4102 gestis
1666 4018 1819 4084 abbatum

199 4139 493 4205 Fontanellensium
527 4139 619 4221 (Mon.
646 4138 754 4203 Germ.
787 4139 845 4204 SS.
878 4139 910 4203 Π
938 4160 969 4224 p.
997 4141 1068 4223 287)
1102 4140 1289 4225 inscriptum
1321 4139 1471 4205 ‘historia
1500 4139 1646 4204 Iordanis
1677 4140 1819 4225 episcopi

204 4259 417 4325 ‘Ravennatis
447 4259 602 4324 ecclesiae
631 4259 815 4339 Getarum’;
848 4279 923 4323 999
953 4259 1140 4345 episcopum
1161 4262 1381 4326 Ravennatem
1411 4267 1571 4326 auctorem
1600 4260 1634 4325 in
1660 4260 1721 4325 hoc
1750 4261 1818 4325 solo

198 4380 309 4445 ordine
332 4380 483 4444 librorum
505 4379 664 4464 appellari
687 4398 784 4464 supra
804 4401 837 4465 p.
855 4379 936 4443 XIII
951 4379 1101 4446 vidimus.
1141 4386 1174 4446 at
1194 4381 1224 4446 is
1247 4380 1328 4448 liber
1349 4380 1443 4446 hodie
1467 4380 1668 4446 desideratur
1686 4387 1718 4446 et
1732 4380 1817 4464 quod

198 4500 239 4566 de
261 4500 401 4566 secundo
423 4499 533 4565 ordine
556 4499 624 4564 dixi
647 4519 720 4565 eum
742 4520 780 4565 eo
802 4500 928 4565 nomine
951 4500 1150 4584 potissimum
1173 4501 1315 4586 aprime
1338 4500 1493 4587 superari,
1519 4501 1604 4584 quod
1622 4501 1818 4586 exemplaria

198 4621 330 4704 antiqua
352 4626 384 4686 et
405 4620 490 4686 bona
512 4620 607 4685 huius
630 4624 749 4700 extant,
775 4620 863 4684 illius
885 4619 1063 4704 perierunt,
1090 4621 1124 4686 id
1146 4622 1245 4688 multo
1267 4623 1371 4705 magis
1393 4621 1426 4686 19
1448 4622 1577 4687 1991199
1599 4622 1695 4688 cadit.
1743 4643 1816 4687 999

198 4762 269 4808 999
292 4741 523 4826 huncquoque
547 4746 669 4807 constet
690 4740 834 4807 extitisse
858 4741 986 4807 saeculo
1008 4748 1138 4825 octavo,
1170 4743 1400 4828 exemplarium
1423 4763 1506 4825 quae
1535 4743 1706 4809 habuimus
1734 4743 1818 4809 anti-

197 4862 385 4945 quissimum
407 4871 458 4929 est
472 4861 737 4945 canubugtense
759 4881 845 4927 saec.
867 4861 914 4925 XI
937 4869 1088 4947 excerpta
1109 4868 1218 4929 tamen
1239 4863 1395 4929 habemus
1417 4863 1477 4928 hoc
1499 4863 1678 4948 antiquiora
1699 4863 1816 4930 codicis

198 4983 388 5065 buccensis,
415 4981 456 5048 de
478 4983 594 5066 quibus
616 4982 681 5049 199
704 4981 881 5048 videamus.

282 5121 475 5187 Dvucnnsrs
497 5119 596 5187 codex
618 5141 651 5185 9.
677 5121 738 5183 753
761 5119 882 5186 9999911
904 5120 935 5184 X
958 5120 1106 5186 exeuntis
1135 5122 1187 5186 vel
1216 5121 1398 5206 incipientis
1429 5121 1589 5188 undecimi
1617 5124 1815 5210 compilatio-
1828 5125 1954 5220 ffiffi·

195 5264 268 5308 nem
291 5262 395 5307 rerum
418 5248 579 5324 gestarum
602 5240 821 5325 complectitur
842 5261 863 5305 a
884 5242 1038 5307 monacho
1066 5241 1204 5325 quodam
1228 5240 1403 5307 Vedastino
1432 5250 1489 5308 aut
1516 5242 1628 5308 eodem
1658 5250 1809 5331 tempore,

197 5383 258 5447 quo
281 5362 361 5428 liber
387 5360 522 5444 scriptus
544 5369 610 5444 est,
636 5367 776 5426 autnon
797 5361 897 5427 multo
919 5368 994 5426 ante
1016 5362 1212 5428 elaboratam
1235 5369 1267 5427 et
1288 5363 1349 5428 hoc
1370 5362 1438 5428 solo
1460 5362 1568 5428 codice
1591 5365 1683 5430 nobis
1705 5386 1814 5432 serva-

195 5490 271 5550 tam.
318 5481 514 5547 collectanea
535 5501 575 5546 99
595 5502 697 5567 nuper
718 5481 905 5566 prodierunt
930 5488 1061 5548 curante
1089 5482 1226 5548 Waitzio
1248 5490 1355 5550 nostro
1385 5483 1480 5568 (Mon.
1509 5484 1616 5550 Germ.
1650 5485 1707 5551 SS.
1733 5487 1813 5551 XIII

194 5625 227 5691 p.
246 5607 307 5666 1171
324 5603 400 5684 sq),
427 5601 478 5667 cui
501 5601 631 5666 missum
655 5602 771 5667 librum
794 5602 945 5686 scriptum
968 5623 1028 5668 nos
1050 5601 1127 5667 item
1149 5624 1205 5688 pro
1228 5624 1262 5669 re
1277 5603 1488 5669 excussimus.
1525 5613 1635 5671 auctor
1648 5606 1732 5671 inter
1746 5607 1813 5672 alia
