4246 6082
944 304 1173 361 Pssooslssvu.
1824 302 1873 366 IX

246 550 332 614 esse,
359 531 614 614 conveniuntque
638 528 767 614 egregie
791 530 898 596 studia
920 529 1057 595 Gotbica
1079 529 1213 594 huiusce
1236 527 1340 593 libelli
1363 547 1433 592 cum
1458 527 1581 610 origiue
1604 527 1674 593 eius
1697 546 1738 591 ex
1760 524 1875 592 castris

248 650 462 717 Danuvianis.
487 688 529 699 -
553 649 746 717 Cassiodorii
769 649 839 715 sine
862 648 959 715 dubio
981 648 1121 732 vestigia
1144 648 1256 730 legens
1277 654 1388 713 auctor
1410 645 1451 713 de
1473 666 1598 713 summa
1620 667 1654 712 re
1677 646 1807 731 publica
1828 645 1896 712 ita·

242 771 369 838 iudicat
390 772 545 838 muudum
567 771 609 836 ab
631 771 823 855 imperatore
845 767 1003 855 pendere,
1032 769 1231 854 imperatorIs
1253 775 1359 833 autem
1383 768 1520 833 salutem
1543 788 1564 832 a
1593 767 1708 832 studiis
1736 767 1769 832 iu
1800 786 1873 832 eum

245 891 434 958 Gothorum.
481 892 527 956 ita
548 890 722 956 Athaulsus
744 889 998 973 vesegotharum
1027 907 1083 953 rex
1106 887 1281 953 Placidiam
1312 888 1442 953 Houorii
1471 906 1611 953 sororem
1639 887 1713 953 ideo
1741 907 1873 953 uxorem

178 1053 181 1058 -
245 1011 342 1092 ducit,
370 1016 405 1076 ut
427 1016 579 1076 terrorem
600 1009 712 1075 iniciat
733 1009 928 1075 adversariis
946 1010 1104 1075 ‘adunata
1120 1008 1234 1074 Gothis
1256 1027 1290 1072 re
1306 1006 1447 1091 publica’
1469 1009 1507 1089 (c.
1526 1011 1577 1087 31,
1600 1011 1685 1089 160).
1726 1008 1875 1073 similiter

245 1130 423 1214 eodemque
445 1130 572 1196 omniuo
595 1137 723 1196 auctore
745 1129 899 1196 Iordanes
921 1128 982 1194 hoc
1003 1129 1174 1213 praecipue
1195 1128 1229 1194 in
1252 1127 1450 1193 Theoderico
1472 1127 1599 1209 laudat,
1633 1127 1718 1209 quod
1740 1147 1875 1194 consen-

245 1249 344 1317 tiente
375 1258 407 1316 et
435 1250 634 1336 adprobante
663 1251 854 1334 imperatore
876 1250 1005 1315 Zenone
1029 1248 1124 1314 ltalia
1153 1248 1273 1333 potitus
1303 1253 1353 1314 est
1379 1253 1441 1327 et,¹
1461 1254 1496 1312 ut
1516 1247 1619 1332 ipsius
1641 1247 1874 1329 quodammodo
1933 1325 1936 1330 ¹

247 1371 356 1437 verbis
379 1378 459 1453 utar,
487 1371 550 1436 sibi
572 1368 724 1452 conflixit,
751 1369 799 1434 illi
822 1368 900 1435 vicit
926 1371 962 1453 (c.
984 1371 1037 1450 57,
1056 1371 1144 1452 291).
1191 1368 1226 1434 id
1249 1388 1305 1433 cur
1326 1368 1446 1433 factum
1469 1367 1525 1449 sit,
1552 1388 1590 1433 eo
1612 1366 1795 1433 evidentius
1816 1389 1876 1453 ap-

219 1464 355 1577 ¹paret,
388 1490 475 1574 quod
504 1511 580 1557 vere
610 1490 709 1575 plane
732 1489 827 1556 aliter
848 1508 901 1554 ros
922 1497 1113 1556 evenerunt:
1148 1509 1222 1554 nam
1245 1488 1332 1554 Zeno
1360 1487 1534 1572 imperator
1554 1487 1788 1553 Theodericum
1812 1508 1875 1554 nou

248 1610 371 1676 dimisit
399 1610 460 1676 nisi
483 1617 652 1696 postquam
674 1610 724 1677 bis
746 1609 983 1696 expeditionem
1006 1615 1116 1675 contra
1137 1608 1242 1693 ipsum
1266 1629 1323 1674 rex
1351 1608 1492 1692 suscepit
1513 1614 1545 1674 et
1567 1608 1875 1694 Constantinopolim

248 1737 372 1798 tantum
394 1752 456 1798 non
479 1731 695 1816 expugnavit,
725 1731 757 1795 vi
780 1737 908 1796 coactus
929 1730 1027 1813 igitur
1048 1736 1081 1796 et
1102 1728 1214 1794 maiori
1236 1728 1322 1792 malo
1345 1729 1450 1793 miuus
1472 1728 1658 1812 praeferens
1684 1728 1770 1812 (vide
1792 1750 1876 1813 quae

251 1852 385 1937 exposui
414 1851 456 1918 ad
485 1873 568 1918 nova
597 1852 780 1935 fragmenta
807 1850 959 1935 lobannis
989 1848 1180 1915 Antiocheui
1209 1849 1348 1914 Hermae
1376 1847 1441 1912 vol.
1466 1850 1486 1912 6
1512 1869 1545 1933 p.
1571 1849 1658 1927 333).
1714 1855 1748 1914 at
1777 1849 1875 1915 Gothi

250 1971 423 2057 scriptores
445 1972 554 2039 litibus
577 1979 610 2038 et
632 1971 748 2056 pugnis
770 1970 837 2037 illis
860 1970 1041 2055 suppressis
1062 1967 1296 2034 Theodericum
1320 1967 1361 2032 de
1384 1967 1517 2032 consilio
1539 1967 1678 2033 Zenonis
1701 1975 1733 2033 ot
1755 1967 1786 2034 ei
1807 1990 1877 2034 rna-

248 2091 299 2176 gIs
329 2114 425 2176 quam
456 2092 518 2158 sibi
547 2092 765 2158 consulentem
794 2097 926 2155 narrant
952 2090 1077 2154 ltaliam
1107 2088 1288 2153 intravisse.
1346 2087 1460 2152 eodem
1490 2086 1597 2151 animo
1626 2088 1803 2172 praemium
1833 2090 1875 2155 ab

210 2228 213 2233 ’
249 2211 441 2297 imperatore
461 2213 495 2277 iu
510 2212 744 2278 Theodericum
766 2210 915 2276 collatum
939 2209 1137 2274 consulatum
1160 2208 1357 2273 ordinarium
1383 2210 1561 2272 ‘summum
1582 2207 1700 2272 bonum
1722 2207 1877 2292 primum-

252 2333 333 2413 ‘que
354 2332 388 2396 in
410 2333 530 2399 mundo
554 2332 667 2398 decus’
699 2338 809 2397 auctor
837 2328 1004 2414 praedicat
1036 2329 1075 2411 (c.
1102 2334 1154 2409 57,
1180 2332 1267 2410 289).
1315 2349 1378 2392 non
1400 2327 1494 2392 aliter
1515 2326 1621 2411 ipsum
1644 2326 1876 2395 Theodericum

248 2452 461 2517 Romanorum
484 2451 603 2536 pluriter
624 2458 720 2535 atque
742 2450 917 2516 Gothorum
940 2469 1048 2534 regem
1071 2468 1123 2514 res
1146 2449 1267 2513 narrari
1290 2448 1432 2513 voluisse
1454 2446 1620 2513 annalium
1643 2448 1877 2514 Rauennatium

248 2571 404 2655 reliquiae
433 2571 613 2648 luculenter
641 2570 828 2652 ostendunt,
863 2578 895 2636 et
920 2577 957 2635 ut
978 2548 1078 2636 fucati
1099 2567 1133 2634 hi
1156 2568 1277 2634 colores
1299 2568 1402 2653 ipsius
1424 2567 1517 2651 regui
1539 2567 1789 2634 Theodericiani
1811 2576 1879 2635 sta-

247 2696 314 2755 tum
338 2691 510 2774 illustrant,
536 2691 582 2757 ita
604 2712 645 2758 ne
668 2690 872 2758 Cassiodorio
894 2689 1035 2773 quidem,
1062 2688 1179 2756 nedum
1202 2688 1331 2754 Iordaui
1354 2688 1473 2774 proprii
1495 2693 1580 2753 sunt.
1625 2687 1684 2753 sed
1706 2708 1780 2754 curn
1802 2709 1878 2754 nar-

249 2809 406 2875 rationem
430 2831 536 2876 rerum
558 2819 631 2894 post
653 2811 774 2877 obitum
789 2795 980 2875 Theoderici
1003 2815 1166 2890 gestarum
1188 2808 1223 2872 in
1245 2814 1358 2873 neutro
1380 2828 1476 2892 opere
1491 2828 1532 2874 ex
1548 2806 1751 2875 Cassiodorio
1767 2826 1878 2895 sump-

249 2935 316 2993 tam
339 2946 412 2995 esse
434 2935 574 3010 constet,
601 2929 654 3012 qui
677 2928 721 2995 ibi
744 2935 902 3012 apparent
923 2929 1058 2994 affectus
1080 2928 1150 2993 iure
1173 2928 1216 2994 ad
1238 2927 1344 3011 ipsum
1366 2926 1534 2994 Iordanem
1556 2928 1746 2995 referentur.
1792 2930 1879 3013 quod

248 3046 276 3110 si
305 3047 361 3129 qui
392 3047 479 3114 dicat
507 3068 583 3114 vere
613 3048 693 3114 haec
723 3048 835 3115 referri
864 3047 934 3114 sine
964 3048 1075 3133 spiritu
1106 3048 1189 3128 ullo,
1222 3068 1286 3112 non
1312 3069 1472 3133 repugno:
1504 3048 1603 3115 immo
1632 3049 1878 3116 admiratoribus

249 3185 355 3231 rerum
383 3166 452 3233 sine
483 3167 531 3233 ira
561 3176 593 3234 et
621 3168 728 3234 studio
759 3168 1009 3233 enarrandamm
1031 3167 1100 3232 iure
1123 3167 1397 3235 commendabitur
1418 3168 1497 3234 belli
1520 3168 1648 3234 Gothici
1670 3169 1805 3236 extremi
1827 3191 1879 3237 re-

249 3285 327 3351 latio
349 3285 554 3353 Iordauiana.
602 3289 661 3354 sed
691 3288 732 3354 de
762 3287 853 3370 regui
876 3285 1121 3352 Theodericiani
1151 3287 1278 3354 excidio
1308 3289 1362 3372 qui
1392 3288 1424 3353 ei
1453 3289 1600 3355 subditus
1623 3289 1684 3355 suit
1703 3290 1812 3356 nullus
1833 3291 1879 3358 ita

249 3404 369 3470 referre
399 3407 518 3491 potuit,
553 3414 588 3473 ut
618 3407 740 3474 rettulit
768 3407 940 3488 Iordanes,
974 3407 1077 3492 potnit
1102 3407 1226 3473 Gothus
1255 3408 1287 3472 iu
1310 3409 1433 3473 Moesia
1455 3408 1633 3474 Thraciave
1664 3409 1787 3493 degens
1815 3432 1879 3477 non

249 3525 376 3590 alienus
398 3546 418 3591 a
440 3527 606 3611 gentilicia
632 3527 772 3610 quadam
803 3526 971 3611 superbia,
1005 3527 1063 3592 sed
1092 3527 1125 3591 in
1156 3528 1216 3592 boc
1244 3528 1330 3594 bello
1353 3535 1461 3612 partes
1484 3529 1712 3612 Byzantiorum
1736 3537 1874 3596 secutus.

250 3645 373 3712 scilicet
394 3647 423 3711 si
445 3667 519 3712 eum
541 3647 699 3729 audimus,
729 3666 801 3713 cum
824 3646 1044 3712 Theodericus
1065 3648 1204 3712 moriens
1227 3647 1260 3713 in
1282 3647 1396 3714 eadem
1418 3646 1583 3729 fidelitate,
1610 3668 1675 3730 qua
1697 3650 1879 3735 expeditio-

251 3784 323 3829 nem
354 3765 388 3832 in
416 3767 544 3832 Italiam
572 3774 771 3853 susceperat,
804 3785 878 3832 snos
912 3766 1105 3852 ‘principem
1129 3768 1268 3833 Orientis
1296 3769 1457 3852 placatum
1488 3786 1615 3851 semper
1643 3770 1879 3854 propitiumque

255 3883 391 3951 ‘habere
423 3886 573 3953 iussisset
604 3894 677 3972 post
712 3888 823 3953 deum'
866 3890 1057 3970 l‘terreuum
1092 3887 1161 3952 sine
1194 3886 1291 3952 dubio
1325 3886 1434 3952 dcum'
1471 3888 1696 3972 Imperatorem
1733 3892 1879 3975 appellat

251 4022 280 4067 c.
306 4006 357 4087 28,
388 4009 480 4090 143},
513 4006 536 4071 ii
558 4007 590 4072 in
614 4027 694 4092 pace
716 4007 867 4072 vixerunt
889 4013 1011 4072 tutante
1033 4007 1090 4072 illo
1112 4026 1246 4090 puerum
1281 4011 1484 4089 ‘regnantem
1507 4013 1540 4072 et
1561 4015 1695 4072 matrem
1717 4008 1874 4076 viduam'.

251 4130 285 4188 at
307 4144 379 4189 cum
400 4126 587 4192 Athalarico
610 4126 762 4192 defuncto
783 4132 886 4191 mater
906 4126 939 4190 in
962 4127 1094 4190 tutelam
1118 4146 1153 4190 sc
1176 4126 1475 4208 matrimoniumque
1497 4126 1712 4194 Theodahadi
1734 4129 1879 4199 dedisset

252 4249 284 4308 et
305 4245 347 4308 ab
370 4250 407 4310 eo
429 4245 497 4311 vita
517 4245 645 4332 privata
667 4253 768 4327 esset,
795 4245 991 4310 InstIniauus
1012 4245 1055 4309 ad
1078 4246 1229 4311 ultionem
1257 4249 1493 4331 ‘susceptorum
1516 4251 1660 4312 suorum'
1684 4249 1877 4318 Belisarium

252 4362 284 4427 in
307 4364 434 4430 Italiam
465 4366 569 4449 mIsit,
604 4387 740 4449 eumque
768 4362 873 4431 irrstao
902 4384 1025 4448 poenae
1054 4365 1166 4430 fortem
1196 4372 1398 4432 executorem
1426 4368 1525 4434 tantis
1553 4368 1704 4435 laudibus
1725 4371 1879 4438 Iordanes

135 4523 140 4534 ·
251 4484 392 4566 extollit,
426 4493 462 4551 ut
490 4507 567 4570 prae
596 4508 634 4552 eo
664 4485 865 4571 Imperatoris
894 4484 1127 4568 quodammodo
1156 4485 1373 4552 obliviscatur.
1421 4487 1503 4554 haec
1532 4496 1582 4555 est
1607 4490 1749 4557 narratio
1772 4493 1877 4575 qualis

250 4605 379 4688 publice
402 4606 559 4672 edebatur
580 4605 872 4691 ConstaotInopoli,
907 4612 941 4670 ut
970 4604 1118 4670 similiter
1139 4605 1222 4671 redit
1244 4606 1330 4690 apud
1352 4607 1574 4674 Marcellinum
1596 4629 1696 4676 causa
1716 4612 1795 4677 belli
1817 4634 1878 4697 pu-

250 4722 332 4790 blice
356 4727 523 4792 enuntiata
545 4726 662 4792 caedes
684 4725 968 4791 Amalasuenthae.
1015 4732 1101 4791 recte
1124 4725 1261 4809 denique
1283 4733 1393 4791 auctor
1414 4727 1447 4792 in
1470 4749 1508 4794 eo
1531 4728 1615 4812 linit,
1649 4730 1733 4811 quod
1763 4733 1877 4798 ultima

249 4844 384 4911 Amalae
415 4846 537 4929 gentis,
578 4845 768 4911 Theoderici
797 4845 902 4930 neptis
931 4845 1178 4911 Mathcsnentha
1212 4846 1244 4910 in
1273 4846 1401 4912 domum
1430 4848 1667 4932 imperatoriam
1697 4850 1877 4919 adsumitur

252 4974 351 5050 nupta
373 4966 480 5032 fratris
502 4966 702 5050 imperatou's
724 4965 791 5031 fibo
809 4965 970 5031 Germano
992 4966 1091 5032 etita
1117 4965 1299 5030 ‘laudanda
1319 4967 1491 5051 progenies
1513 4968 1717 5034 laudabiliori
1740 4971 1877 5060 principi

255 5087 385 5153 ‘cessit'
415 5090 451 5167 lc.
478 5091 531 5169 60,
559 5088 646 5170 315).
693 5092 789 5151 natus
812 5106 913 5152 exeo
936 5085 1135 5151 matrimonio
1159 5091 1249 5169 patre
1272 5084 1422 5153 defuncto
1444 5087 1530 5152 filins
1552 5095 1717 5172 postumus
1740 5089 1877 5160 Germa-

250 5224 310 5270 nus
338 5207 520 5274 ‘coniuncto
542 5207 727 5272 Amalomm
749 5226 869 5290 genere
891 5226 964 5271 cum
988 5205 1089 5290 stirpe
1110 5205 1295 5271 Aniciomm
1318 5225 1407 5291 spem
1430 5207 1537 5273 adbuc
1559 5208 1725 5293 utriusque
1747 5214 1876 5296 generis

252 5323 398 5392 ‘domiuo
421 5335 604 5412 praestante
626 5326 795 5412 promittit'
823 5328 862 5411 (o.
880 5331 932 5409 60,
952 5327 1041 5409 315).
1088 5325 1199 5391 harum
1223 5346 1328 5392 rerum
1350 5327 1503 5393 Iordanes
1525 5328 1760 5412 quodammodo
1782 5352 1875 5419 spec-

248 5450 330 5509 tator
360 5443 420 5511 tuit
455 5450 537 5528 (nam
567 5448 645 5514 obiit
667 5448 849 5513 Germanus
872 5445 1023 5512 Serdicae
1053 5445 1086 5510 in
1109 5446 1211 5512 Dacia
1240 5447 1476 5513 mediterranea
1501 5448 1685 5533 ibidemque
1708 5453 1873 5537 probabile

248 5572 298 5631 est
318 5564 419 5629 filium
442 5573 551 5632 uatum
575 5570 679 5652 esse),
712 5576 745 5634 et
774 5568 802 5634 si
828 5567 906 5651 quid
929 5566 1006 5633 certi
1028 5566 1061 5630 iu
1084 5573 1190 5634 mente
1212 5568 1325 5633 babuit
1348 5567 1389 5633 de
1411 5566 1534 5636 infante
1557 5590 1595 5637 eo
1617 5577 1778 5657 tempore,
1811 5594 1874 5656 quo

323 5684 334 5726 1
335 5695 445 5728 oooooo
1647 5691 1666 5747 b
