4246 6082
310 317 402 382 LXII
1003 314 1231 372 PROOEMlVbl.

313 541 457 606 ‘cronica
478 539 606 605 Iordani
629 540 770 624 episcopi
794 541 989 606 Ravennatis
1012 541 1150 607 civitatis
1169 540 1220 622 [cf.
1239 560 1337 625 supra
1350 562 1384 625 p.
1402 540 1492 622 XIlIl
1518 538 1559 605 de
1574 539 1697 622 origine
1712 558 1751 604 ac
1764 537 1937 602 vocabulis

313 661 436 745 ‘gentis
459 660 634 726 Gothorum
656 660 765 727 aedita
785 660 829 726 ad
843 660 1020 726 Castalium
1044 669 1236 746 sumptaque
1258 682 1299 727 ex
1321 660 1514 742 auctoribus,
1540 659 1574 725 id
1597 666 1646 726 est
1660 659 1814 725 Senatore
1829 656 1937 723 Abla-

313 779 382 846 ‘bio
397 781 505 846 Prisco
519 782 655 866 Ioseppo
678 782 806 847 Lucano
828 782 1002 867 Pomponio
1023 782 1126 848 Dione
1148 782 1301 867 Pompeio
1323 783 1429 865 Trogo
1451 780 1586 864 Virgilio
1607 779 1742 846 Dicineo
1756 778 1936 845 Oomosaoo

312 902 481 968 ‘Salmone
497 903 599 967 Zeuta
614 902 784 987 Dcuxippo
806 901 897 967 Libio
920 903 993 968 Tito
1015 901 1126 968 Orosio
1148 903 1249 968 Paulo
1265 896 1937 967 8111110010811010100011011001010110

313 1022 530 1087 ‘Tholome0'.
567 1022 612 1087 ita
627 1021 913 1106 Oantabrigiensis,
933 1023 1142 1106 similiterque
1160 1022 1382 1088 atrebatensis
1397 1022 1561 1087 Parisinus
1576 1019 1752 1105 Brugensis
1766 1018 1939 1085 Holmien-

309 1142 371 1208 sis:
405 1142 439 1207 in
468 1142 691 1226 compendium
720 1142 845 1226 redegit
869 1143 1085 1208 Berolinensis
1114 1143 1177 1210 sic:
1215 1142 1343 1227 ‘incipit
1364 1142 1500 1227 prelatio
1522 1141 1669 1207 Iordanis
1698 1138 1841 1226 episcopi
1867 1139 1937 1204 Ra-

313 1263 479 1328 ‘vcnnatis
500 1262 543 1328 ad
566 1262 732 1329 Castulum
754 1262 787 1328 in
809 1261 943 1328 historia
958 1263 1158 1329 Gothomm’.
1199 1263 1232 1328 in
1253 1263 1368 1329 iisdem
1391 1262 1493 1342 libris,
1519 1268 1604 1328 certe
1625 1260 1660 1326 in
1673 1258 1936 1343 Cantabrigiensi

310 1382 509 1448 Berolinensi
533 1382 751 1464 Gandavensi,
778 1388 850 1469 post
872 1383 1053 1448 absolutum
1076 1402 1157 1468 opus
1179 1383 1378 1449 subiciuntur
1403 1383 1549 1448 ‘nomina
1563 1381 1707 1466 gentium
1721 1379 1817 1446 buius
1831 1378 1937 1445 bisto-

313 1502 412 1569 ‘riae
459 1502 580 1586 Adogit
603 1553 610 1566 .
632 1555 638 1567 .
661 1554 668 1567 .
695 1502 875 1569 Olibriones
897 1504 1044 1584 Rabari’,
1071 1510 1223 1589 excerpta
1245 1504 1368 1570 scilicet
1390 1503 1487 1569 simili
1510 1503 1632 1569 ratione
1654 1523 1696 1568 ex
1717 1499 1932 1567 Iordanianis.

309 1645 347 1690 eo
370 1643 494 1707 quoque
516 1623 644 1689 nomine
667 1623 747 1689 baec
769 1623 893 1689 familia
914 1624 1082 1690 coniuncta
1104 1631 1162 1705 est,
1190 1624 1276 1707 quod
1291 1622 1405 1688 Getica
1426 1623 1571 1689 Iordanis
1593 1622 1647 1689 hic
1668 1620 1810 1687 medium
1826 1621 1932 1685 locum

308 1749 418 1810 tenent
438 1743 523 1809 inter
537 1742 683 1809 Orosium
699 1750 732 1810 et
745 1743 893 1810 Ethicum
916 1745 970 1827 qui
993 1744 1200 1829 praecedunt,
1226 1750 1259 1810 et
1279 1744 1476 1810 itinerarium
1492 1742 1646 1809 Antonini
1666 1740 1753 1825 quod
1775 1740 1932 1823 sequitur.

309 1864 455 1932 Orosium
477 1863 695 1949 praecessisse
716 1864 749 1929 in
772 1862 976 1931 Atrebatensi
996 1865 1082 1930 inira
1111 1863 1301 1930 videbimus.
1348 1864 1524 1950 praecessit
1552 1863 1628 1930 item
1651 1863 1685 1928 in
1707 1863 1787 1927 libro
1810 1860 1935 1927 00110-

307 1985 473 2070 brigiensi,
498 2005 691 2068 quamquam
713 1983 820 2050 Orosii
843 1985 1025 2069 exemplum
1048 2006 1119 2051 cum
1134 1986 1248 2051 Ethicc
1270 1984 1334 2050 iam
1358 1991 1540 2071 separatum
1563 1990 1612 2051 est
1633 1982 1773 2050 numeris
1793 1981 1936 2065 inscrip-

307 2112 374 2171 tum
396 2105 435 2173 O.
461 2109 492 2169 4.
519 2108 578 2181 34;
611 2104 754 2187 sequitur
780 2104 978 2171 itinerarium
1001 2103 1153 2171 deficiens
1183 2106 1216 2171 11
1238 2105 1345 2172 verbis
1373 2109 1442 2170 item
1468 2128 1488 2168 0
1515 2110 1683 2169 Terracina
1711 2125 1744 2189 p.
1771 2105 1811 2166 56
1834 2099 1929 2165 Ρ111.

307 2226 392 2293 idem
417 2224 493 2291 ordo
515 2224 618 2291 estin
641 2224 859 2308 Berolinensi,
885 2224 948 2291 nisi
970 2225 1055 2307 quod
1076 2224 1272 2292 itinerarium
1295 2227 1336 2291 ab
1359 2246 1397 2292 eo
1419 2226 1511 2291 abest
1545 2225 1596 2306 (cf.
1630 2225 1705 2291 Oar.
1736 2224 1829 2289 Pcrtz
1857 2240 1933 2287 eos-

307 2366 407 2429 mogr.
440 2345 545 2411 Ethici
575 2366 608 2430 p.
635 2346 702 2428 75).
748 2344 782 2410 in
803 2344 983 2411 Holmiensi
1005 2344 1100 2411 bodie
1123 2345 1251 2430 quidem
1274 2346 1390 2412 desunt
1411 2345 1543 2412 Orosius
1571 2351 1603 2411 et
1631 2342 1844 2423 itinerarium,
1870 2341 1933 2407 sed

306 2467 453 2532 utillum
475 2471 630 2552 appareat
651 2464 805 2532 adfuisse.
845 2465 879 2531 in
902 2464 1046 2531 Parisino
1068 2465 1232 2551 praecedit
1253 2466 1395 2546 Orosius,
1421 2467 1564 2550 sequitur
1584 2464 1718 2532 historia
1739 2461 1930 2542 Alexandri,

306 2586 411 2654 adluit
432 2585 604 2669 aliquando
620 2584 764 2652 Etbicus.
804 2585 942 2668 denique
964 2585 997 2651 in
1013 2587 1171 2669 Brugensi
1193 2586 1358 2672 praecedit
1372 2586 1514 2670 Orosius,
1540 2586 1684 2669 sequitur
1705 2583 1838 2651 historia
1852 2581 1933 2647 Ale-

306 2707 432 2774 xandri.
471 2705 626 2773 itinerarii
648 2705 746 2772 index
768 2706 802 2771 in
824 2705 874 2771 bis
896 2704 986 2772 libris
1008 2704 1061 2773 hic
1082 2713 1148 2773 est:
1178 2707 1305 2794 ‘incipit
1327 2706 1524 2774 itinerarium
1540 2705 1775 2792 provinciarum
1788 2700 1932 2768 omnium

310 2827 470 2894 ‘antonini
485 2827 614 2912 augusti
632 2827 789 2912 imprimis
811 2825 977 2913 provincia
997 2826 1123 2910 africe’,
1149 2827 1183 2892 id
1206 2827 1291 2911 quod
1312 2827 1439 2911 adnoto,
1466 2827 1616 2911 quoniam
1638 2825 1752 2892 similis
1764 2820 1932 2908 inscriptio

307 2955 356 3015 cst
378 2947 524 3014 codicum
546 2946 701 3013 itinerarii
723 2947 868 3030 duorum,
894 2946 1100 3012 Blandiniani
1117 2947 1342 3015 (landavensis
1365 2955 1398 3014 et
1418 2948 1510 3015 allati
1526 2969 1567 3015 ex
1582 2946 1723 3029 Morinis,
1750 2943 1933 3026 dequibus

304 3068 460 3135 itinerarii
482 3067 621 3134 editores
643 3066 763 3133 Pinder
784 3074 816 3133 et
837 3068 978 3152 Parthey
999 3068 1102 3153 praef.
1128 3090 1160 3154 p.
1186 3069 1246 3135 XV
1269 3067 1316 3152 sq.
1343 3076 1493 3153 egerunt,
1519 3091 1625 3154 neque
1639 3046 1858 3154 improbabile
1881 3069 1935 3129 est

306 3188 447 3269 codicem
470 3187 648 3274 principem
670 3188 765 3253 huius
787 3187 939 3267 familiae,
968 3208 1062 3271 quem
1083 3187 1168 3253 infra
1188 3188 1370 3256 videbimus
1392 3190 1493 3258 luisse
1508 3189 1685 3257 Wandonis
1699 3184 1836 3265 abbatis,
1862 3189 1931 3249 tam

306 3307 340 3374 iu
364 3307 484 3374 Geticis
508 3307 653 3373 Iordanis
682 3307 766 3373 hanc
794 3306 1005 3392 propaginem
1034 3308 1164 3375 dedisse
1193 3330 1288 3393 quam
1316 3309 1470 3377 itinerarii
1498 3318 1617 3378 certam
1646 3309 1802 3376 familiam
1828 3326 1870 3373 ex
1892 3323 1933 3369 eo

306 3427 462 3513 originem
485 3427 612 3495 ducere.

391 3549 507 3614 Hiatus
529 3548 604 3614 huic
625 3547 776 3615 librorum
799 3548 903 3614 ordini
926 3548 1099 3614 communis
1122 3556 1171 3615 est
1191 3550 1276 3617 inter
1296 3550 1377 3617 alios
1399 3551 1467 3618 bic:

434 3691 467 3755 p.
493 3672 545 3752 62,
575 3674 613 3734 16
636 3675 781 3735 stantes
802 3669 1003 3735 nominantur
1025 3669 1166 3735 sclaveni
1189 3692 1247 3735 om.
1272 3676 1348 3735 l'l'Z

305 3790 480 3876 principem
503 3790 599 3856 huius
621 3789 763 3856 familiae
785 3811 805 3852 c
827 3796 971 3874 apertam
994 3789 1146 3857 habuisse
1168 3790 1294 3858 litterae
1323 3814 1345 3854 c
1376 3790 1514 3858 similem
1545 3812 1668 3859 errores
1697 3788 1869 3858 ostendunt
1898 3789 1930 3854 ei

303 3911 438 3997 proprii:

552 4051 636 4112 lectio
659 4069 754 4112 vero:
1254 4053 1337 4113 lectio
1360 4060 1507 4133 corrupta
1528 4053 1567 4115 cl.
1593 4054 1661 4114 lll:

431 4173 464 4236 p.
491 4155 543 4235 69,
573 4153 611 4214 12
633 4156 737 4217 mater
1312 4152 1346 4218 in
1369 4160 1458 4219 utero

490 4259 542 4337 97,
573 4259 609 4318 14
634 4275 787 4321 caesarea
1316 4256 1459 4322 cessuria

471 4362 542 4442 102,
571 4362 610 4421 14
633 4358 894 4441 gunthamundus
1281 4354 1285 4366 '
1308 4360 1568 4444 gunthamandus

472 4465 544 4545 113,
571 4465 610 4525 24
634 4461 812 4528 absentiam
1311 4463 1494 4530 absentium

471 4569 543 4647 114,
572 4569 600 4628 1.
630 4567 701 4645 116,
731 4569 768 4627 19
790 4566 926 4632 tolosam
1310 4567 1469 4633 tholosum

303 4686 381 4752 item
404 4686 528 4751 litteras
551 4707 568 4748 r
590 4705 606 4749 s
629 4682 826 4749 simillimas:

430 4826 461 4890 p.
489 4809 542 4887 90,
570 4809 609 4869 12
631 4804 757 4870 boiscos
1309 4807 1433 4873 boircos

471 4911 542 4991 118,
574 4912 610 4971 16
633 4907 767 4974 dertona
1308 4909 1461 4976 desetona

302 5031 371 5095 sola
393 5030 473 5096 baec
496 5029 611 5095 classis
635 5048 745 5094 verum
769 5030 910 5095 servavit
932 5029 1204 5097 consentientibus
1226 5031 1259 5096 in
1282 5052 1387 5097 errore
1411 5032 1536 5098 duabus
1559 5031 1634 5098 aliis
1656 5031 1735 5098 locis
1757 5031 1822 5096 his:

661 5171 699 5232 cl.
726 5171 794 5231 111:
1334 5172 1372 5234 cl.
1399 5174 1425 5233 l.
1455 5174 1502 5233 11:

406 5293 438 5356 p.
467 5275 539 5355 108,
568 5276 606 5336 10
630 5277 768 5337 certatur
1304 5279 1440 5338 testatur

469 5377 539 5455 109,
570 5378 608 5437 16
631 5381 792 5440 certamen
814 5375 927 5440 ineunt
1310 5375 1482 5442 certamine

468 5480 538 5558 124,
565 5479 606 5541 23
630 5478 800 5561 copercula
1310 5479 1400 5545 cuius
1423 5478 1546 5549 fercula

298 5596 374 5666 item
397 5595 661 5663 dissentientibus
685 5596 774 5665 aliis:
