4246 6082
327 321 418 388 XLII
1025 321 1255 380 Pitoosmlvsi.

328 544 413 611 male
434 544 546 611 luxata
568 553 601 612 et
622 546 758 613 fortasse
780 546 987 631 interpolata:
1014 547 1105 613 nobis
1126 547 1202 632 ipsa
1224 546 1385 613 destitutis
1400 547 1548 614 standum
1564 553 1614 613 est
1628 545 1829 613 Iordanianis
1843 546 1959 628 qualia

328 666 438 748 qualia
460 675 544 734 sunt.
577 705 620 714 -
649 667 701 732 Ad
723 667 858 734 formam
881 667 988 752 operis
1010 667 1251 735 Cassiodoriani
1272 667 1497 754 explicandam
1519 675 1648 753 praeter
1669 686 1767 753 supra
1788 667 1958 753 disputata

329 785 369 852 de
391 788 574 853 auctoribus
596 808 617 853 a
638 787 843 854 Cassiodorio
872 787 1025 854 adhibitis
1047 809 1110 854 non
1132 790 1234 854 multa
1255 789 1412 855 hahemus
1433 808 1516 871 quae
1537 787 1748 874 proferamus.
1795 788 1956 855 narratio-

328 925 403 971 num
426 908 629 994 popularium
651 884 732 974 ratio
755 907 866 973 habita
888 914 920 973 et
935 907 1060 974 Graeca
1083 909 1227 975 doctrina
1249 909 1381 993 egregia
1402 915 1438 974 ut
1458 929 1517 994 per
1538 927 1573 975 se
1596 906 1807 974 admiratione
1830 908 1954 992 dignae

328 1034 412 1109 sunt,
436 1027 483 1094 ita
504 1048 608 1112 neque
631 1035 738 1095 sectae
760 1028 898 1095 auctoris
919 1029 1001 1094 illud
1023 1029 1102 1096 satis
1125 1029 1294 1095 convenire
1317 1049 1415 1114 supra
1436 1030 1677 1096 observavimus
1699 1036 1732 1096 et
1749 1028 1958 1095 mediocriter

327 1152 451 1214 tantum
468 1148 592 1216 Graece
615 1149 741 1215 doctum
764 1170 836 1216 eum
859 1149 961 1215 fuisse
983 1157 1119 1232 constat,
1145 1149 1264 1235 quippe
1286 1149 1341 1232 qui
1363 1149 1527 1214 historiam
1551 1150 1801 1216 ecclesiasticam
1822 1149 1870 1216 ita
1891 1149 1955 1215 ad-

328 1268 463 1352 omarit,
497 1276 532 1335 ut
559 1277 625 1336 tres
653 1276 800 1336 auctores
823 1269 964 1336 Graecos
993 1270 1065 1336 rudi
1095 1291 1193 1355 opera
1223 1270 1453 1336 contaminaret
1482 1290 1517 1336 se
1545 1270 1676 1337 iubente
1705 1271 1746 1336 ah
1769 1270 1954 1356 Epiphanio

328 1387 518 1455 scholastico
533 1390 647 1456 Latine
665 1410 786 1457 versos.
825 1391 922 1456 immo
945 1397 1114 1474 utrumque
1137 1389 1284 1456 meritum
1306 1390 1445 1457 vidimus
1467 1411 1531 1457 non
1552 1397 1618 1456 tam
1634 1390 1829 1458 cassiodorii
1850 1390 1955 1456 fuisse

328 1528 424 1590 quam
454 1511 592 1577 auctoris
621 1511 690 1577 eius
712 1511 855 1595 Ablabii,
888 1531 983 1594 quern
1012 1511 1041 1576 si
1069 1519 1267 1591 teneremus,
1301 1510 1493 1577 haberemus
1523 1510 1658 1578 fortasse
1687 1512 1720 1576 in
1748 1511 1809 1577 hoe
1830 1530 1953 1594 genere

327 1629 503 1695 studiorum
525 1651 619 1715 quem
643 1651 714 1698 cum
736 1632 898 1698 Herodoto
921 1650 1196 1716 componeremus.
1221 1668 1263 1679 -
1290 1631 1404 1716 Operis
1426 1631 1667 1697 Cassiodoriani
1687 1631 1826 1697 indicem
1849 1631 1954 1697 fuisse

326 1751 493 1835 probabile
524 1759 573 1818 est
601 1773 673 1819 eum
701 1731 806 1839 ipsum
829 1772 923 1836 quem
946 1752 1106 1837 epitomae
1128 1752 1284 1818 Iordanes
1305 1751 1512 1837 praescripsit
1537 1752 1594 1818 ‘de
1616 1751 1739 1835 origine
1760 1751 1953 1834 actibusque

331 1869 535 1938 ‘Getarum':
570 1893 608 1939 eo
638 1873 723 1938 eninr
753 1873 841 1938 ducit
869 1879 901 1938 et
921 1872 1067 1939 Iordanis
1089 1872 1304 1939 testimonium
1328 1879 1361 1938 et
1381 1891 1465 1954 quae
1488 1871 1529 1938 de
1560 1873 1700 1956 ‘origine
1718 1871 1869 1937 Gothica’
1900 1872 1953 1937 hi-

326 1992 424 2058 storia
452 1994 596 2060 Romana
625 1993 711 2060 faeta
738 1994 809 2079 ipse
838 1998 950 2058 auctor
978 1993 1011 2056 in
1040 1992 1138 2057 variis
1173 1992 1205 2073 (l.
1230 1997 1270 2075 e.)
1305 1992 1431 2058 scribit:
1470 1992 1635 2058 historiam
1667 1992 1747 2058 alibi
1779 1992 1951 2078 appellans

329 2120 551 2196 argumentum
581 2114 742 2195 enuntiat,
776 2133 839 2179 non
867 2112 995 2179 titulum
1025 2112 1112 2178 citat.
1159 2112 1327 2178 duodecim
1350 2112 1440 2178 libris
1463 2119 1498 2177 ut
1519 2112 1643 2196 reliqua
1665 2112 1732 2179 fere
1756 2113 1953 2180 Cassiodorii

330 2251 429 2317 opera
456 2234 577 2300 maiora
606 2234 653 2300 ita
674 2234 735 2300 hoc
756 2253 881 2317 quoque
904 2232 1042 2298 divisum
1065 2232 1136 2298 fuit.
1182 2233 1345 2318 incepisse
1367 2235 1408 2299 ab
1430 2233 1511 2318 ipsis
1533 2234 1644 2320 populi
1667 2233 1793 2300 Gothici
1815 2233 1954 2318 primor-

329 2351 393 2418 diis
415 2360 448 2419 et
479 2357 553 2440 ‘per
573 2355 796 2438 generationes
818 2356 1001 2438 regesque’,
1034 2353 1067 2419 id
1096 2361 1147 2419 est
1175 2374 1232 2439 per
1260 2354 1483 2438 generationes
1512 2367 1624 2439 regum
1654 2353 1861 2420 descendisse
1884 2354 1954 2419 Ior-

330 2472 431 2540 danes
453 2474 487 2540 in
508 2474 708 2561 praefatione
728 2475 894 2557 innuite).

413 2596 510 2681 Apud
531 2597 701 2663 Iordanem
723 2603 881 2679 quatenus
905 2593 1151 2660 Cassiodoriana
1173 2595 1362 2679 perveniant
1383 2596 1438 2661 uhi
1460 2595 1653 2677 quaerimus,
1681 2594 1826 2677 eoquod
1848 2594 1953 2679 epito-

327 2722 430 2781 mator
451 2715 498 2783 ait
523 2717 665 2782 ‘initium
688 2715 847 2800 finemque
869 2721 902 2781 et
924 2715 1018 2800 plura
1032 2715 1065 2779 in
1080 2713 1187 2780 medio
1203 2734 1237 2780 se
1254 2735 1313 2780 sua
1328 2714 1465 2781 dictione
1480 2715 1730 2801 permiscuisse',
1757 2735 1950 2798 quamquam

328 2837 575 2922 supramodum
597 2836 705 2922 inepte
727 2837 847 2903 dietum
869 2837 975 2919 este),
1002 2835 1105 2922 prima
1126 2842 1352 2920 postremaque
1373 2857 1452 2922 prae
1475 2837 1589 2904 ceteris
1613 2836 1674 2902 sihi
1696 2835 1823 2901 videtur
1844 2834 1953 2901 vindi-

328 2976 418 3039 care,
451 2958 548 3042 idque
578 2958 618 3023 de
644 2957 813 3043 postremis
835 2977 945 3023 verum
969 2975 1041 3023 esse
1064 2977 1104 3022 ex
1126 2955 1199 3040 ipsa
1221 2977 1255 3023 re
1279 2956 1458 3039 colligitur,
1492 2977 1563 3021 oum
1585 2977 1617 3021 a.
1643 2959 1705 3020 526
1728 2955 1952 3022 Cassiodorius

327 3076 423 3144 finem
452 3078 613 3144 scribendi
642 3078 765 3144 feeerit.
812 3077 853 3142 de
883 3076 1038 3162 principio
1061 3077 1166 3161 operis
1187 3075 1273 3142 idem
1295 3076 1341 3141 ita
1363 3097 1473 3143 verum
1496 3097 1568 3143 esse
1589 3097 1663 3143 mox
1686 3076 1883 3158 videbimus,
1917 3084 1953 3142 ut

327 3195 472 3263 Orosium
494 3198 648 3264 Iordanes
671 3198 715 3262 ibi
738 3197 779 3264 de
803 3216 860 3262 suo
882 3196 1005 3278 citarit,
1038 3195 1172 3261 ulterius
1194 3202 1302 3262 tamen
1323 3196 1357 3262 id
1380 3197 1514 3282 proferri
1535 3217 1600 3262 non
1621 3203 1736 3281 potest.
1780 3217 1854 3261 narn
1878 3216 1950 3261 cum

327 3316 362 3382 id
384 3325 535 3401 sequatur
556 3324 682 3398 auctor,
716 3324 750 3383 ut
779 3316 993 3402 descriptione
1021 3315 1198 3381 insularum
1220 3315 1343 3382 Oceani
1371 3316 1456 3381 viam
1484 3316 1546 3383 sihi
1568 3323 1690 3383 sternat
1710 3316 1754 3381 ad
1776 3315 1951 3381 Scandiam

324 3436 463 3504 insulam
493 3437 736 3503 describendam
759 3437 935 3503 Gothorum
964 3436 1218 3520 antiquissimam
1247 3436 1357 3502 sedern
1389 3443 1421 3502 et
1448 3457 1489 3501 ne
1516 3437 1703 3502 Britanniae
1733 3437 1862 3520 quidem
1893 3435 1953 3502 de—

326 3558 472 3644 scriptio,
505 3558 624 3624 nedum
648 3556 807 3623 Scandiae
829 3557 958 3623 Iordani
980 3557 1047 3622 ullo
1069 3557 1163 3622 modo
1185 3557 1281 3622 tribui
1304 3556 1422 3642 possit,
1455 3557 1532 3641 quid
1561 3557 1636 3622 huic
1665 3557 1818 3623 hocloco
1845 3575 1952 3622 rema-

325 3685 402 3745 neat
422 3699 485 3744 non
507 3678 676 3764 perspicio.
723 3676 849 3743 accedit
870 3677 956 3761 quod
978 3679 1066 3743 locus
1089 3677 1130 3742 de
1144 3677 1306 3761 Hispania
1327 3678 1369 3743 ab
1392 3678 1492 3744 altero
1515 3697 1543 3742 c.
1562 3682 1615 3760 44,
1635 3680 1697 3741 230
1721 3676 1866 3762 separari
1887 3697 1952 3742 non

325 3805 441 3885 potest.
485 3800 595 3885 ‘plura
615 3799 649 3864 in
671 3798 793 3865 medio*
816 3798 943 3864 adiecta
965 3818 1038 3865 esse
1060 3804 1095 3863 ut
1116 3818 1226 3864 verum
1249 3817 1321 3864 esse
1343 3805 1457 3883 potest,
1483 3798 1529 3863 ita
1550 3818 1614 3862 non
1630 3797 1739 3880 magni
1755 3796 1838 3862 facio
1853 3796 1951 3863 fidem

323 3920 413 3985 illius
443 3918 512 3986 sive
540 3919 656 3986 notarii
687 3919 755 3985 slve
785 3918 952 3999 monaehi,
985 3938 1080 4003 quem
1107 3939 1170 3984 non
1200 3918 1316 4003 puduit
1344 3918 1574 4004 praefationem
1596 3918 1710 3984 Rufino
1740 3916 1889 3982 suffurari
1918 3924 1952 3983 et

326 4039 495 4106 lamblichi
516 4041 620 4106 locum
643 4039 850 4106 comminisci.
896 4039 996 4105 multo
1025 4039 1130 4124 magis
1161 4038 1345 4106 diffidemus
1372 4039 1491 4105 homini
1514 4060 1568 4105 ore
1591 4039 1724 4105 rotundo
1746 4037 1952 4103 adseveranti

326 4181 366 4226 ex
388 4159 530 4225 historiis
554 4159 686 4227 Graecis
710 4167 743 4226 et
768 4159 892 4226 Latinis
914 4161 1078 4227 nonnullis
1104 4160 1359 4227 ‘convenientia'
1383 4180 1419 4225 se
1441 4159 1619 4225 addidisse.
1665 4158 1761 4223 immo
1784 4157 1951 4243 probabile

325 4287 375 4347 est
396 4279 590 4346 Graecorum
612 4288 776 4346 auctorum
799 4281 1038 4365 usurpationem
1061 4301 1136 4348 vere
1159 4281 1313 4347 contineri
1334 4281 1367 4346 in
1390 4279 1550 4364 excerptis
1573 4300 1614 4346 ex
1635 4279 1784 4361 Socrate,
1816 4298 1949 4362 quorum

325 4402 359 4466 in
383 4407 515 4485 utroque
538 4402 648 4468 libello
671 4400 771 4467 exilia
793 4400 952 4483 quaedam
975 4401 1113 4484 vestigia
1134 4401 1250 4467 adesse
1273 4420 1371 4487 supra
1398 4422 1431 4486 p.
1456 4400 1582 4466 XXVII
1605 4399 1741 4465 ostendi.
1816 4372 1819 4379 Ι

411 4524 545 4588 Restant
567 4522 632 4588 stili
655 4520 825 4587 diversitas
848 4521 1087 4603 studiorumque
1111 4520 1339 4587 dissimilitudo
1361 4527 1588 4603 auctorumque
1606 4520 1762 4586 delectus.
1801 4519 1858 4584 illo
1874 4518 1952 4584 dili-

325 4651 439 4729 genter
460 4652 493 4711 et
514 4644 638 4709 erudite
659 4641 852 4725 investigato
869 4641 1057 4707 Schirrenus
1073 4641 1289 4726 compluribus
1304 4640 1383 4706 loeis
1399 4646 1483 4706 reete
1498 4641 1629 4724 agnovit
1645 4641 1713 4707 sive
1729 4639 1951 4706 Cassiodoria-

327 4789 402 4833 nam
418 4764 643 4853 proprietatem
659 4764 739 4845 sive,
764 4764 850 4846 quod
864 4762 1001 4827 fortasse
1017 4761 1135 4828 rectius
1158 4768 1217 4845 est,
1244 4761 1314 4828 eius
1336 4761 1458 4827 saeculi
1479 4780 1582 4844 genus
1605 4761 1733 4827 dicendi
1755 4765 1945 4846 omatum⁸⁰)

414 5027 456 5091 78)
477 5029 514 5077 Ob
532 5027 664 5076 infantiam
684 5026 813 5086 scriptoris
831 5026 936 5074 dubium
954 5030 1001 5085 est,
1022 5029 1108 5073 utrum
1127 5025 1202 5072 verba
1221 5025 1266 5072 ‘ab
1284 5025 1343 5072 olim
1361 5028 1387 5071 et
1404 5036 1485 5085 usque
1503 5036 1570 5070 nuuc
1587 5037 1632 5086 per
1644 5024 1816 5083 generationes
1828 5036 1950 5083 regesque

328 5112 548 5164 ‘descendentem'
568 5113 598 5161 ad
617 5126 644 5161 se
663 5113 752 5160 referat
769 5126 800 5160 au
819 5112 849 5160 ad
871 5117 1004 5160 auctorem.
1041 5125 1098 5159 curn
1124 5110 1266 5158 ‘volumina
1289 5135 1325 5145 —
1347 5108 1553 5157 descendentem‘
1577 5111 1728 5170 coniungere
1752 5124 1797 5170 per
1820 5109 1950 5157 Iordanem

326 5205 413 5262 liceat,
439 5202 485 5249 hec
508 5203 586 5260 magis
610 5200 750 5262 probarim,
771 5211 920 5260 quamquam
937 5198 1069 5247 'senatoris
1094 5197 1151 5244 libri
1175 5202 1242 5244 certe
1266 5210 1314 5244 non
1339 5197 1521 5258 perveniebant
1547 5197 1587 5244 ‘et
1606 5210 1687 5257 usque
1706 5197 1794 5257 uuuc’,
1822 5195 1886 5256 qnod
1910 5209 1951 5244 se-

326 5289 436 5337 eundum
455 5288 530 5338 huius
547 5286 656 5335 hominis
674 5284 884 5334 consuetudinem
903 5285 1027 5345 significat
1047 5283 1094 5333 ‘ad
1112 5289 1212 5345 tempus
1230 5283 1368 5346 praeseus'.
1401 5282 1446 5331 sed
1462 5282 1492 5330 ad
1511 5284 1591 5345 ipsam
1608 5295 1661 5329 rem
1679 5296 1730 5330 non
1747 5282 1855 5330 muitum
1872 5283 1952 5330 inter-

325 5381 379 5437 est3
399 5375 559 5437 partitionem
577 5374 647 5421 enim
664 5374 787 5434 epitomae
805 5372 905 5420 omnino
923 5371 1040 5419 Iordanes
1058 5371 1088 5417 ab
1106 5375 1204 5418 auctore
1223 5369 1339 5430 sumpsit.

412 5459 453 5523 79)
475 5460 546 5518 Quod
558 5461 639 5509 suasit
651 5459 841 5508 (iutschmidius
854 5472 881 5518 p.
897 5455 954 5519 124,
975 5462 1005 5505 ut
1021 5459 1095 5505 verba
1116 5458 1233 5504 ‘Initium
1245 5453 1384 5516 iirremque'
1403 5456 1540 5514 iungantur
1552 5468 1608 5502 cum
1621 5454 1830 5517 praecedentibus
1851 5453 1951 5502 ‘addidi

328 5545 539 5609 ‘convenientia',
559 5548 590 5595 ab
607 5546 694 5594 ordine
712 5547 842 5593 verborum
861 5543 971 5606 simplici
990 5545 1104 5605 scriptori
1122 5548 1240 5591 consueto
1257 5542 1363 5589 nimium
1382 5542 1484 5590 recedit.

411 5633 454 5694 80)
474 5633 528 5682 Non
541 5635 564 5683 is
576 5633 747 5682 Cassiodorim
760 5634 819 5690 fuit,
839 5632 883 5693 qui
903 5645 993 5679 novum
1013 5631 1138 5679 scribendi
1157 5642 1236 5689 genus
1253 5629 1419 5688 excogitaret:
1440 5630 1595 5676 immensus
1614 5633 1654 5675 eat
1671 5629 1764 5689 paratis
1782 5641 1862 5688 neque
1881 5627 1949 5676 aliud
