4246 6082
309 299 351 360 52
936 296 1119 354 IORDANIS
1138 298 1306 354 ROMANA.

306 504 420 551 versae
447 506 505 570 per
526 486 680 552 Paeiiiocs
710 487 838 552 Mauros
869 494 1052 571 superatos,
1086 507 1151 552 una
1181 487 1234 553 die
1263 489 1374 553 decem
1402 495 1435 554 et
1463 497 1585 573 septem
1617 510 1725 556 eorum
1755 489 1943 575 praefectos

307 588 470 666 extincxit,
497 609 673 673 pacemque
695 592 791 655 totius
814 589 943 655 Africae
965 591 1096 655 iubente
1119 590 1247 655 domino
1270 591 1465 675 impetravit.

226 693 288 755 386
392 691 675 774 Langobardorum
698 712 789 775 gens,
816 693 903 757 socia
917 693 1053 757 Romani
1076 693 1166 775 regni
1189 692 1397 777 principibus,
1423 699 1457 757 et
1472 693 1684 759 Theodabadi
1701 695 1819 759 sororis
1834 695 1941 759 filiam
1956 711 2018 752 1⁰⁸.

307 793 403 858 dante
426 794 488 859 sibi
509 793 702 878 imperatore
723 795 756 859 in
779 795 980 859 matrimonio
1003 795 1140 879 iungens
1162 796 1232 878 regi
1247 815 1315 879 suo,
1342 802 1452 861 contra
1467 796 1591 861 emulos
1605 797 1819 862 Romanorum
1835 797 1942 882 Gepi-

274 895 366 960 ndas
396 916 461 960 una
489 896 542 961 die
571 917 682 981 pugna
712 898 881 962 commissa
910 917 1018 962 eorum
1049 917 1131 983 pene
1154 906 1259 963 castra
1280 899 1438 981 pervasit,
1472 898 1717 982 cecideruntque
1739 920 1778 965 en
1801 907 1942 979 utraque

225 1005 286 1067 387
306 1005 396 1084 parte
418 999 559 1084 amplius
581 1017 627 1063 nx
649 1000 754 1076 milia3
786 1021 846 1064 nec
875 1021 950 1084 par,
983 1008 1018 1065 ut
1047 1001 1169 1082 ierunt,
1201 1000 1313 1087 audita
1342 1002 1448 1065 estin
1470 1002 1587 1066 nostris
1608 1002 1804 1086 temporibus
1826 1023 1942 1087 pugna

305 1122 326 1166 a
348 1101 462 1166 dicbus
478 1101 597 1166 Attilae
618 1102 651 1165 in
674 1102 740 1165 illis
763 1102 852 1184 locis,
880 1111 1007 1185 praeter
1028 1103 1086 1167 illa
1108 1123 1190 1185 quae
1213 1111 1288 1168 ante
1310 1103 1394 1167 banc
1415 1103 1594 1185 contigerat
1616 1104 1675 1168 sub
1692 1102 1824 1169 Galluce
1844 1125 1935 1187 mag.

304 1205 373 1269 mil.
397 1204 484 1269 idem
506 1224 578 1269 cum
595 1203 769 1288 Gepidas1)
795 1211 851 1269 aut
873 1212 958 1270 certe
977 1205 1149 1270 Mundonis
1172 1226 1243 1270 cum
1267 1204 1381 1270 Gothis
1390 1208 1426 1289 2),
1453 1205 1486 1269 in
1509 1205 1625 1288 quibus
1648 1206 1803 1272 ambobus
1826 1214 1942 1272 aneto-

273 1336 286 1373 s
306 1326 358 1371 res
379 1307 459 1372 belli
482 1307 602 1390 pariter
625 1313 828 1372 conruerunt.

225 1417 287 1479 388
392 1409 434 1473 Hi
461 1417 535 1473 sunt
564 1427 658 1473 casus
680 1410 843 1474 Romanae
874 1409 921 1475 rei
948 1410 1097 1493 publicae
1126 1418 1233 1494 preter
1260 1410 1415 1475 instantia
1438 1410 1614 1475 cottidiana
1636 1411 1830 1494 Bulgarum,
1865 1413 1938 1476 An·
1953 1432 2015 1473 urs.

305 1512 384 1576 tium
407 1520 440 1576 et
462 1512 695 1576 Sclavinorum.
742 1532 804 1594 que
833 1513 861 1576 si
891 1512 965 1594 quis
995 1513 1077 1577 scire
1103 1513 1206 1597 cupit,
1240 1512 1375 1578 annales
1401 1514 1630 1594 consulumque
1653 1514 1766 1578 seriem
1790 1515 1941 1580 revolvat

306 1615 375 1680 sine
405 1613 534 1678 fastidio
565 1614 788 1705 repperietque
818 1615 949 1695 dignam
980 1615 1080 1679 nostri
1108 1614 1261 1699 temporis
1289 1635 1356 1680 rem
1378 1616 1539 1699 publicam
1561 1616 1743 1699 tragydiae.
1790 1617 1939 1699 scietque

305 1717 391 1783 unde
414 1723 498 1797 orta,
532 1717 691 1799 quomodo
713 1724 825 1797 aucta,
859 1717 1037 1800 qualiterve
1067 1718 1128 1782 sibi
1159 1725 1289 1783 cunetas
1312 1724 1415 1782 terras
1438 1718 1619 1783 subdiderit
1640 1726 1672 1783 et
1693 1719 1851 1800 quomodo
1874 1720 1940 1785 ite-

304 1840 375 1884 rum
397 1839 454 1884 eas
476 1821 518 1884 ab
540 1819 663 1900 ignaris
686 1820 861 1884 rectoribus
883 1821 1037 1884 amiserit.
1083 1819 1169 1903 quod
1191 1827 1224 1886 ct
1244 1839 1304 1884 nos
1326 1840 1382 1904 pro
1405 1829 1498 1905 coptu
1519 1821 1642 1902 ingenii
1665 1822 1803 1886 breviter
1826 1823 1941 1905 tetigi-

258 1951 286 1990 ω
305 1942 388 2000 mus,
414 1929 571 2005 quatenus
594 1922 736 2004 diligens
759 1924 859 1988 lector
880 1922 977 1986 latius
999 1923 1063 1988 ista
1086 1923 1224 2006 legendo
1246 1930 1430 2005 cognoscat.

395 2268 452 2315 ΗΡ
469 2268 518 2315 VS
533 2268 556 2331 (3
577 2268 789 2329 Langobardorum
809 2295 841 2302 -
860 2268 876 2316 9
894 2271 1055 2330 conruerunt]
1072 2269 1103 2316 L.

393 2422 554 2484 ‘liupcrault
579 2423 618 2470 Vb
756 2424 771 2469 3
789 2423 997 2482 langubardorum
1016 2422 1041 2468 Η
1179 2422 1193 2470 l
1213 2424 1369 2470 matrimonia
1388 2424 1542 2483 coniungens
1560 2424 1582 2472 L
1714 2426 1815 2486 gebidas
1835 2426 1933 2474 HPVL

307 2510 322 2557 5
340 2509 524 2570 ceciderunqnc
543 2510 565 2556 P
693 2508 706 2555 i
726 2509 820 2556 attillae
839 2509 862 2555 P
990 2504 1047 2574 illu]
1068 2508 1178 2556 HPVSL
1307 2516 1365 2557 anto
1384 2507 1460 2575 banc]
1478 2510 1523 2558 bac
1542 2509 1577 2556 Η*
1708 2511 1816 2570 magmil.
1837 2512 1878 2559 ide
1904 2512 1933 2571 V,

308 2597 361 2655 ma'g
380 2596 460 2642 milite
479 2595 511 2656 Η,
532 2578 718 2654 ωαῇιῖίῖἰᾶεω
739 2594 767 2655 Ρ,
788 2580 889 2656 magmil
907 2595 931 2641 id
951 2601 989 2641 est
1007 2595 1033 2652 8,
1057 2609 1144 2655 magno
1162 2596 1244 2642 milite
1263 2596 1286 2642 id
1306 2600 1344 2642 cst
1364 2594 1385 2641 b
1507 2593 1522 2643 8
1541 2595 1643 2654 gebidas
1663 2595 1684 2641 L
1797 2595 1828 2644 12
1847 2603 1937 2657 trogy-

305 2678 373 2748 dlae]
394 2681 447 2743 ΗΡ,
469 2682 589 2741 tragidiae
614 2681 654 2728 Vn
760 2679 790 2729 13
809 2680 877 2728 horta
898 2680 922 2726 Η
1026 2680 1055 2727 15
1075 2681 1181 2743 explicit
1199 2680 1253 2739 ΗΡ,
1274 2681 1378 2741 explicit
1395 2680 1499 2728 historia
1517 2693 1616 2728 romane
1634 2682 1671 2728 rel
1690 2680 1843 2743 publicaeb

738 2837 957 2844 --—-.-——--.—
981 2837 1123 2843 -.——,
1137 2837 1169 2843 .-..
1176 2838 1181 2843 .
1190 2836 1354 2843 --.....-..-.-......
1398 2835 1405 2839 -
1414 2835 1510 2842 .---.-..
1523 2837 1530 2843 .
1540 2837 1544 2841 .
1553 2838 1558 2842 .
1569 2838 1628 2843 —
1647 2837 1872 2844 —.——.—
1882 2839 1934 2845 --,

393 2939 415 3000 l)
436 2938 522 2987 Oallnc
545 2941 661 2999 magister
684 2941 793 2987 militum
818 2953 874 2987 cnm
893 2940 997 3001 (lepidis
1016 2939 1122 3001 primunr
1144 2940 1252 2987 feliciter
1270 2937 1390 2985 dimicans
1408 2939 1517 2986 secundo
1537 2939 1674 2986 infeliciter
1692 2940 1749 2986 ruit
1769 2938 1940 2987 Oontimeator

309 3023 448 3072 Marcellini
464 3040 490 3074 n.
512 3026 573 3073 539.

392 3109 416 3171 2)
437 3109 473 3169 cf.
495 3110 627 3170 Psocopine
644 3109 699 3157 bell.
723 3108 793 3158 Gotb.
815 3110 837 3170 1,
860 3112 883 3160 7.
