4246 6082
954 342 1185 401 PROOEMIVM.
1796 344 1878 409 XIII

254 571 358 637 solum
380 568 569 635 devastasse
595 566 743 633 ‘Oriente
764 566 829 631 iam
852 573 884 632 et
904 567 1034 651 Illyrico
1053 586 1213 651 peraeque
1228 565 1370 631 attritis'.
1410 567 1518 649 itaque
1533 566 1689 632 Thracias
1705 567 1880 632 devastarit

254 710 388 757 necesse
411 697 461 756 est
483 709 521 755 eo
541 688 613 772 ipso
634 694 787 773 tempere,
813 685 898 770 quod
920 687 1073 752 Iordanes
1095 685 1310 770 indIcavit20).

341 810 401 876 His
422 815 487 875 tam
510 807 657 890 angustis
678 806 823 873 terminis
846 805 969 872 finitum
992 807 1146 873 circulum
1170 827 1262 871 nemo
1285 805 1397 891 opinor
1419 806 1462 872 ad
1485 807 1723 874 Cassiodorium
1746 808 1874 873 referet.

254 942 328 996 nam
350 948 544 1013 quamquam
567 927 664 992 Gothi
685 934 761 993 ante
780 926 1014 992 Theodericum
1036 927 1079 992 ad
1102 926 1265 992 sinistram
1288 927 1429 992 Danuvii
1452 935 1484 992 et
1505 927 1539 992 in
1561 948 1616 993 ora
1638 928 1879 1014 septentrionali

254 1049 345 1115 Ponti
374 1049 537 1132 degebant
566 1054 599 1113 et
626 1047 696 1133 ipse
718 1047 937 1113 Theodericus
960 1054 1035 1112 ante
1056 1046 1184 1112 Italiam
1207 1047 1362 1112 Moesiam
1385 1047 1520 1112 obtinuit
1543 1055 1575 1112 et
1596 1069 1654 1132 per
1675 1049 1799 1132 aliquot
1820 1068 1879 1112 an-

254 1189 311 1234 nos
333 1169 444 1233 Novas
466 1175 630 1251 tamquam
652 1168 744 1252 regni
766 1167 875 1233 sedem
899 1166 1028 1251 habuit,
1061 1167 1132 1251 ipse
1155 1174 1241 1233 certe
1263 1166 1397 1248 eiusque
1421 1166 1612 1252 disciplinae
1635 1168 1780 1234 homines
1801 1168 1879 1251 qnid

253 1288 353 1355 secuti
376 1288 441 1354 sint
461 1288 496 1353 in
518 1287 645 1354 Italiam
668 1287 832 1368 translati,
858 1306 910 1352 res
932 1293 1045 1369 gestae
1067 1288 1154 1353 clare
1176 1288 1359 1370 loquuntur.
1405 1287 1501 1353 immo
1523 1288 1576 1353 hie
1598 1288 1766 1353 Iordanem
1789 1295 1879 1354 tene-

251 1429 322 1474 mus
352 1408 518 1474 historiam
547 1407 722 1473 Gothorum
752 1406 1033 1472 (lassiodorianam
1059 1407 1106 1472 ita
1135 1414 1375 1493 excerpentem,
1408 1415 1444 1473 ut
1472 1408 1633 1473 Moesiaca
1663 1416 1695 1473 et
1723 1408 1880 1474 Thracica

250 1529 453 1614 potissimum
475 1527 638 1593 retineret.
679 1546 753 1591 nam
774 1525 932 1610 quidquid
953 1547 1052 1612 supra
1073 1528 1306 1612 proposuimus,
1332 1548 1393 1592 non
1417 1527 1464 1592 ita
1486 1535 1704 1612 comparatum
1725 1536 1784 1609 est,
1811 1535 1846 1594 ut
1859 1549 1880 1592 a

252 1649 457 1715 Cassiodorio
486 1645 734 1713 abiudicandum
764 1647 819 1729 sit,
853 1667 948 1729 quem
979 1668 1043 1712 non
1072 1647 1256 1713 dubitamus
1286 1647 1439 1713 historiae
1463 1647 1619 1713 Gothicae
1642 1648 1878 1714 foederatorum

252 1768 366 1834 laudes
396 1768 569 1833 inseruisse
598 1773 631 1832 et
653 1767 834 1832 celebrasse
856 1767 1130 1832 Theodericianss
1153 1766 1194 1832 de
1216 1767 1367 1850 Bulgaris
1389 1767 1541 1852 victorias
1564 1775 1597 1834 et
1618 1769 1753 1835 multum
1777 1768 1879 1834 luisse

251 1889 283 1954 in
306 1890 403 1954 rebus
423 1887 704 1970 Moesogothornm
730 1886 920 1969 singillatim
951 1886 1165 1972 explicandis.
1211 1886 1271 1952 sed
1300 1887 1370 1951 sine
1397 1886 1493 1953 dubio
1524 1888 1620 1970 longe
1650 1888 1743 1971 plura
1771 1888 1879 1954 attulit

250 2007 291 2074 de
313 2007 429 2074 Italiac
452 2006 578 2092 oppidis
601 2013 634 2072 et
654 2006 845 2073 Theoderici
874 2007 961 2089 regis
989 2006 1090 2089 gostis
1120 2006 1165 2071 ibi
1195 2013 1227 2072 et
1255 2007 1427 2088 institutis,
1460 2007 1557 2090 idque
1588 2007 1798 2091 premendum
1830 2015 1880 2073 est

247 2128 328 2193 talia
355 2128 451 2212 plane
480 2126 675 2210 desiderari,
708 2128 818 2211 qualia
848 2127 900 2191 vel
926 2126 960 2191 in
990 2126 1180 2193 brevissimo
1203 2125 1399 2191 cassiodorii
1429 2126 1577 2193 chronico
1607 2127 1758 2210 leguntur
1779 2127 1822 2192 ad
1844 2148 1875 2191 a.

250 2252 330 2312 500:
369 2248 606 2314 ‘Theodericus
629 2249 762 2312 Romam
792 2253 975 2312 cunctorum
1003 2246 1086 2312 votis
1116 2246 1276 2330 expetitus
1306 2246 1437 2312 advenit
1460 2254 1492 2312 et
1514 2253 1660 2312 senatum
1684 2266 1775 2312 sumn
1799 2247 1879 2312 mira

250 2368 460 2434 ‘affabilitate
483 2375 623 2434 tractans
646 2369 809 2432 Romanae
830 2367 920 2452 plebi
941 2366 1072 2432 donavit
1093 2384 1248 2446 annonas,
1275 2373 1372 2447 atquc
1395 2365 1594 2432 admirandis
1617 2367 1753 2432 moeniis
1776 2367 1878 2451 depu-

251 2492 336 2555 ‘tata
364 2509 423 2574 per
452 2488 597 2572 singulos
625 2509 725 2554 annos
754 2487 896 2552 maxima
922 2487 1077 2571 petumae
1100 2486 1278 2569 quantitate
1302 2485 1460 2551 subvenit.
1508 2487 1568 2552 sub
1591 2487 1684 2551 cuius
1706 2486 1794 2552 felici
1815 2487 1876 2551 im-

250 2609 357 2694 ‘perio
386 2609 543 2694 plurimae
573 2614 766 2674 renovantur
795 2607 908 2690 urbes,
950 2606 1162 2673 munitissima
1192 2607 1328 2671 castella
1357 2606 1550 2687 conduntur,
1592 2613 1790 2690 consurgunt
1817 2606 1877 2671 ad-

251 2729 416 2794 ‘miranda
438 2729 570 2813 palatia,
597 2728 789 2810 magnisque
812 2727 882 2792 eius
904 2727 1054 2812 operibus
1076 2727 1209 2808 antiqua
1230 2725 1386 2791 miracula
1408 2729 1626 2811 superantur'.

335 2850 424 2913 Ilaec
446 2848 616 2913 habuimus
639 2847 680 2911 de
703 2846 863 2931 patriast
885 2846 1010 2927 origine
1032 2845 1178 2911 Iordanis
1201 2865 1285 2927 qnae
1311 2846 1537 2930 proferremus.
1584 2854 1657 2932 post
1683 2848 1874 2914 notariatum
1887 2849 2083 2944 sssssssslssffilfflg

255 2968 374 3052 pariter
402 2974 497 3048 atque
527 2965 749 3031 Cassiodorius
779 2966 846 3030 vita
874 2965 1032 3031 saeculari
1061 2966 1174 3030 relicta
1202 2967 1378 3031 monachus
1407 2966 1512 3033 iactus
1541 2974 1590 3033 est
1620 2975 1703 3033 teste
1736 2969 1877 3053 ipso²¹Jz

255 3092 422 3170 praeterea
450 3092 557 3151 autern
586 3092 651 3150 tam
681 3105 764 3169 quae
794 3085 921 3150 codices
949 3084 1080 3167 quidam
1110 3083 1151 3149 de
1181 3084 1366 3151 condicione
1397 3086 1467 3152 eius
1495 3088 1528 3151 in
1552 3087 1692 3153 eeclesia
1714 3088 1882 3155 enuntiant

253 3226 350 3288 quarn
379 3226 463 3288 quae
492 3205 553 3270 viri
581 3204 666 3269 docti
695 3204 815 3269 similia
844 3205 1062 3285 coniecerunt,
1099 3225 1213 3289 parum
1247 3204 1413 3289 probanda
1446 3206 1595 3274 videntur
1627 3227 1709 3274 esse.
1758 3209 1881 3275 scilieet

257 3326 474 3410 ‘episcopum’
498 3345 571 3390 eum
601 3324 680 3389 dicit
708 3323 860 3389 librorum
888 3324 966 3390 ordo
995 3324 1117 3409 primus
1146 3324 1179 3388 in
1207 3325 1300 3389 titulo
1323 3327 1554 3410 Romanorum,
1591 3328 1793 3414 ‘episcopum
1816 3331 1881 3394 Rs-

257 3447 458 3510 ‘vennatem'
489 3443 566 3509 ordo
587 3444 700 3508 tertius
722 3444 896 3509 eorundem
918 3444 952 3508 in
974 3444 1067 3510 titulo
1091 3444 1292 3510 Geticorum:
1325 3446 1408 3511 illud
1437 3448 1478 3511 ab
1506 3448 1694 3514 auctoritate
1721 3450 1800 3515 satis
1822 3450 1881 3515 de-

252 3564 377 3630 fensum
408 3563 583 3629 videndum
610 3584 652 3628 ne
682 3564 846 3629 conciliari
876 3564 978 3647 possit
1006 3584 1077 3629 cum
1101 3565 1170 3629 loeo
1192 3585 1287 3648 quem
1310 3566 1373 3631 sibi
1394 3566 1464 3651 ipse
1487 3567 1597 3633 tribuit
1618 3569 1782 3634 monachi:
1820 3570 1880 3635 hoe

252 3704 355 3767 neque
384 3684 566 3749 testimonio
595 3682 710 3748 idoneo
737 3684 977 3749 commendatur
1006 3690 1039 3750 et
1067 3684 1136 3749 sine
1166 3685 1264 3751 dubio
1286 3685 1442 3769 originem
1466 3686 1559 3753 duxit
1580 3709 1620 3753 ex
1643 3696 1793 3755 accurata
1815 3691 1880 3754 Ra-

252 3824 376 3870 vennae
400 3804 488 3869 urbIs
510 3803 734 3889 descriptione.
760 3805 994 3870 -Iordanem
1018 3804 1202 3889 episcopum
1227 3805 1454 3872 Crotonensem
1477 3827 1506 3871 a.
1526 3809 1634 3892 55122)
1662 3816 1695 3874 ct
1708 3808 1876 3875 Iordanem

251 3924 453 3990 defensorem
476 3924 632 3989 ecclesiae
654 3925 817 3990 Romanae
839 3945 869 3989 a.
896 3926 1004 4006 55623]
1038 3925 1124 4006 quod
1154 3925 1214 4015 viri
1236 3925 1322 3990 docti
1344 3926 1474 4009 quidam
1497 3928 1539 3992 ab
1561 3927 1672 3993 honum
1697 3928 1876 3994 libellorum

251 4052 379 4110 auctore
409 4064 471 4108 non
501 4043 646 4109 diversos
676 4064 748 4110 esse
780 4044 1028 4126 contenderunt,
1062 4044 1174 4110 nititur
1195 4047 1266 4110 sola
1288 4045 1497 4111 similitndIne
1520 4047 1656 4112 nominis
1678 4069 1741 4113 non
1764 4049 1878 4115 admo-

252 4164 326 4228 dum
349 4164 424 4229 rari.
469 4164 648 4250 speciosius
670 4165 825 4246 estquod
847 4164 889 4229 ab
911 4163 1212 4248 IaeoboGrimm²⁴l
1239 4166 1435 4251 propositum
1458 4167 1551 4233 multi
1572 4174 1686 4253 postea
1706 4177 1878 4237 tenuerunt

487 4330 661 4339 d...—

338 4424 380 4487 20)
400 4426 455 4474 Non
474 4431 541 4474 recta
560 4424 708 4473 Schirreuns
727 4439 752 4487 p.
774 4422 806 4472 88
824 4438 856 4472 ex
875 4425 920 4471 boe
938 4414 990 4472 loeo
1008 4425 1106 4486 collegit
1124 4425 1252 4473 Iordanem
1271 4440 1300 4475 eo
1318 4432 1430 4490 ternpore
1448 4429 1474 4476 In
1493 4429 1597 4477 Oriente
1615 4437 1741 4479 versatum
1760 4446 1825 4481 esse.

336 4511 378 4573 21)
398 4513 481 4560 Aliter
499 4512 574 4558 verba
595 4514 667 4558 ‘ante
686 4511 873 4558 conversIonern
891 4507 985 4558 meam'
1006 4512 1036 4573 (c.
1059 4511 1100 4574 50,
1122 4510 1179 4572 266)
1202 4513 1281 4575 scalpi
1300 4521 1439 4575 nequeunt.
1477 4517 1510 4564 ei.
1532 4516 1601 4564 Rom.
1622 4518 1701 4578 praet.
1721 4518 1751 4566 4:
1776 4519 1875 4579 ‘quati-

250 4601 315 4646 ‘nns
330 4636 335 4647 .
352 4633 359 4646 .
375 4634 381 4648 .
396 4603 441 4646 te.
458 4633 464 4648 .
481 4634 487 4646 .
502 4598 532 4644 ad
551 4599 625 4645 deum
644 4593 794 4655 eonvertas'‚
816 4595 876 4643 item
895 4597 1068 4645 Cassiodorius
1086 4598 1116 4645 de
1134 4597 1308 4662 orthographia
1326 4602 1402 4661 praei.
1426 4603 1536 4662 (gramm.
1553 4602 1608 4650 Lat.
1630 4604 1670 4652 ed.
1686 4605 1741 4650 lieil
1756 4604 1780 4663 I,
1798 4603 1871 4665 itti:

250 4683 320 4746 ‘post
344 4688 483 4731 commenta
506 4683 634 4743 psalterii,
662 4683 705 4729 nbi
725 4717 732 4730 .
749 4718 778 4730 ..
799 4683 970 4730 conversionis
989 4697 1058 4731 meae
1077 4689 1188 4745 tempere
1206 4687 1316 4745 primurn
1334 4686 1448 4735 studium
1465 4688 1555 4735 laboris
1575 4686 1709 4750 Impendi'.
1747 4692 1873 4752 complura

247 4771 295 4816 alla
313 4770 365 4816 lora
383 4769 475 4816 similla
491 4768 593 4827 collegit
610 4768 761 4815 Muratorlus
778 4769 806 4815 ln
825 4769 981 4829 praefatione
999 4769 1028 4815 ad
1047 4770 1182 4818 Iordanem.

333 4855 373 4918 22)
396 4855 460 4916 Papa
478 4854 590 4912 vigilius
609 4855 636 4900 in
654 4853 813 4901 damnatione
832 4853 954 4901 Theodori
973 4856 1080 4921 sptpeopi
1100 4854 1234 4903 Caesareae
1253 4856 1421 4920 Cappadociae
1438 4873 1461 4906 a.
1477 4857 1523 4908 551
1547 4858 1635 4920 (blansi
1655 4858 1670 4906 9
1688 4875 1715 4922 p.
1729 4860 1789 4922 hill:
1813 4862 1872 4910 ‘nos

248 4941 272 4991 ‘,
289 4977 317 4991 ..
338 4954 394 4988 enm
413 4940 491 4987 Daelo
508 4937 690 4985 Mediolanensi
710 4974 716 4988 .
733 4975 761 4988 ..
783 4939 914 4987 Paschasio
927 4939 1040 4987 Aletrino
1059 4946 1134 5002 atque
1152 4941 1258 4990 Iordane
1270 4942 1416 4990 Crotoneusl
1434 4944 1553 4992 tratribus
1571 4951 1596 4992 et
1614 4946 1737 5007 episeopis
1755 4948 1869 4997 nostrts'.

244 5028 330 5073 attulit
348 5026 417 5084 Sellg
435 5024 522 5072 Gasael
540 5024 707 5084 meppurisebe
725 5025 890 5072 Altertbrimer
911 5010 1029 5084 (berolini
1050 5024 1125 5087 1848)
1145 5042 1171 5088 p.
1187 5025 1252 5087 302,
1273 5027 1309 5074 ita
1327 5029 1465 5089 explicans,
1486 5030 1529 5090 qui
1548 5031 1640 5077 iactum
1659 5033 1702 5091 slt,
1723 5037 1753 5080 ut
1770 5032 1870 5082 baesro-

245 5112 307 5160 doril
333 5113 428 5171 origine
447 5111 540 5159 Bruttii
564 5112 690 5158 volumina
714 5111 869 5174 dispeusator
892 5113 948 5159 elus
966 5096 1065 5160 Iordani
1088 5113 1201 5160 eiusdem
1223 5115 1330 5172 regionis
1349 5114 1464 5176 episeopo
1483 5117 1648 5166 commodarlt.
1687 5118 1754 5179 quod
1773 5124 1802 5166 ut
1821 5134 1870 5168 non

244 5193 331 5259 Inepte
350 5199 517 5256 excogitatum
536 5201 583 5256 est,
604 5197 641 5243 ita
660 5197 771 5243 vincitur
788 5197 891 5244 Indlelis
908 5196 1024 5258 plnrlmis
1042 5202 1068 5245 et
1085 5199 1231 5246 certissimis
1248 5200 1352 5259 originIs
1371 5200 1512 5248 libellorum
1530 5200 1670 5250 Thraeieae.

331 5283 373 5344 23)
393 5283 459 5344 Papa
477 5283 592 5343 Pelagius
611 5297 651 5345 ep.
673 5281 688 5329 5
710 5284 750 5344 (al.
770 5281 795 5344 6)
821 5283 852 5330 ad
870 5283 998 5345 episcopos
1016 5283 1136 5331 Tusciae:
1166 5285 1299 5333 ‘directam
1318 5301 1332 5333 a
1351 5288 1420 5334 vobis
1438 5287 1584 5334 relationem
1601 5288 1733 5339 defensore
1750 5292 1870 5339 eeclesiae

247 5366 361 5415 ‘nostrae
379 5370 483 5415 Iordane
501 5369 630 5417 deserente
648 5370 814 5429 suseIpIentea
832 5369 892 5416 satis
910 5370 991 5416 mirati
1010 5365 1110 5417 sumus'
1128 5376 1178 5420 eet.
1209 5373 1301 5432 scripta
1318 5377 1357 5419 est
1383 5374 1492 5434 epistula
1519 5375 1594 5435 (edita
1619 5376 1683 5438 apud
1702 5377 1826 5426 Manatum
1842 5379 1866 5442 9,

246 5451 305 5512 tto)
338 5453 384 5499 XV
403 5455 453 5502 lral.
473 5454 547 5504 Mart.
576 5454 624 5502 XV
643 5469 668 5516 p.
690 5469 710 5503 e.
742 5455 827 5503 Basilii
847 5472 870 5503 v.
891 5470 913 5503 e.
935 5476 965 5497 =
986 5471 1010 5517 p.
1026 5456 1054 5505 G.
1070 5456 1129 5504 556.
1167 5458 1252 5504 attulit
1270 5458 1336 5504 Idem
1356 5458 1482 5506 Caesetius
1501 5462 1517 5510 I.
1538 5476 1572 5525 e,
1592 5464 1621 5510 ad
1640 5464 1868 5526 historiographum

244 5539 341 5587 rettuIIt
360 5538 475 5587 Sebirreu
494 5555 520 5602 p.
535 5539 577 5589 87.

330 5623 371 5686 24)
392 5623 483 5688 Serlpt.
504 5627 565 5676 min.
587 5626 602 5675 3
622 5641 648 5689 p.
665 5627 722 5676 182.

1015 5715 1037 5781 t
