4246 6082
137 312 180 369 „a
862 307 1042 363 roansurs

133 510 169 562 et
197 499 309 582 capita
337 519 444 564 eorum
468 496 774 583 Constantinopolim
800 497 912 563 adlata
933 497 1139 582 praefixaque
1161 497 1310 562 astilibus
1331 497 1502 562 tabuerunt
1510 498 1547 579 ¹}.
1576 499 1590 582 Ι)
1616 495 1666 562 sie
1689 517 1775 580 quo-
1787 508 1902 569 lueet

135 623 201 684 quc
223 603 334 668 Zenon
358 603 516 687 superatis
538 601 677 667 inimieIs
700 601 767 666 suis
788 602 821 666 in
843 602 928 667 bona
951 621 1031 686 pace
1052 601 1185 683 quievit.

53 706 117 766 i'ot
223 705 418 769 Anastasius
448 724 489 770 ex
512 704 688 770 silentiario
711 707 723 788 Ι)
746 705 852 770 subito
872 705 915 769 ab
938 705 1080 788 Ariagne
1103 705 1250 787 Augusta
1270 704 1304 768 in
1324 703 1458 788 imperio
1479 711 1628 788 sumptus
1649 703 1772 769 simul·
1786 698 1855 791 ffif
1867 700 1901 740 ⁴⁹¹

136 827 200 890 que
223 807 398 892 imperator
421 815 453 874 et
475 809 607 874 maritus
629 808 774 888 innotuit,
794 809 807 893 ))
823 808 1032 891 regnsnrqm
1053 828 1128 872 aun.
1146 825 1244 871 xxva
1265 827 1309 870 m.
1327 824 1364 871 ιι.
1383 808 1396 891 Ι)
1411 812 1520 871 nonna
1541 826 1637 888 quem
1660 806 1772 872 Isauri
1786 819 1855 861 m
1867 821 1911 861 ιιι
1923 819 1947 861 s

105 911 216 976 suum
247 912 309 977 sibi
338 912 424 995 quod
445 912 511 976 illis
533 920 690 996 tyrannus
711 912 767 978 ille
794 912 958 977 adiecerat
979 912 1164 977 donatiuum
1187 916 1220 976 et
1240 910 1349 976 Zenon
1370 909 1639 976 reconciliationis
1660 912 1775 995 gratia

56 1015 120 1078 355
138 1015 259 1080 insitus
275 1016 428 1098 largierat
442 1016 483 1080 ab
499 1016 560 1082 isto
575 1016 809 1096 fraudamurb,
834 1037 925 1080 arma
940 1014 1106 1100 arripiunt.
1154 1021 1361 1098 eonsenoque
1382 1013 1503 1097 proelio
1524 1013 1616 1078 iuxta
1637 1014 1775 1080 Gotaia-

138 1118 205 1183 ium
228 1118 370 1202 Frygiae
393 1118 554 1184 civitatem
576 1127 682 1184 eastm
703 1118 814 1184 metati
835 1137 919 1202 pene
941 1138 1001 1203 per
1021 1137 1079 1182 sex
1101 1118 1266 1182 continuos
1287 1136 1389 1182 anuos
1409 1117 1457 1182 rei
1478 1117 1628 1201 publicae
1649 1117 1774 1183 adver-

139 1227 267 1285 santur:
295 1223 350 1287 ubi
372 1230 405 1288 et
422 1222 569 1306 Lilingis‚
595 1242 702 1288 eorum
725 1229 758 1286 et
778 1222 813 1286 in
835 1222 922 1286 bello
944 1229 977 1287 et
997 1221 1031 1286 iu
1054 1219 1187 1285 oonsilio
1208 1220 1370 1304 praeuius,
1395 1221 1542 1303 quamvis
1564 1220 1705 1305 pedibus
1726 1221 1772 1286 ab

140 1324 282 1408 corporis
312 1324 478 1391 debilitate
508 1326 626 1408 siguis,
659 1344 758 1408 eques
786 1332 895 1390 tamen
922 1325 955 1390 iu
985 1325 1072 1390 bello
1100 1324 1293 1404 scamaras,
1326 1323 1402 1388 dum
1430 1331 1616 1408 peremptus
1635 1322 1770 1404 suisset

89 1448 117 1487 m
137 1445 247 1492 omnes
268 1427 373 1492 Isauri
402 1428 565 1511 fugierunt
590 1435 686 1510 atque
715 1426 855 1512 dispersi
884 1435 959 1493 sunt
986 1435 1019 1493 et
1047 1427 1165 1492 devicti
1195 1434 1228 1492 et
1260 1446 1479 1511 perquaquam
1509 1427 1606 1491 exilio
1628 1426 1774 1510 relegati

56 1538 119 1599 356
139 1529 297 1613 urbesque
320 1550 429 1596 eorum
452 1532 625 1596 nonnullae
647 1532 717 1597 solo
738 1552 841 1615 usque
863 1539 1041 1616 prostratae
1050 1535 1088 1612 3).
1129 1531 1228 1595 variis
1250 1551 1387 1614 namque
1410 1532 1469 1596 sub
1484 1530 1655 1596 Anastasio
1679 1530 1772 1595 milis

137 1634 270 1717 proeliis
299 1634 452 1719 fatigatus
481 1643 514 1700 et
541 1656 626 1700 uuna
646 1636 658 1719 Ι)
681 1635 812 1719 Illyrico
842 1656 914 1700 cum
943 1634 1118 1700 Saviuimo
1146 1640 1179 1700 et
1199 1633 1360 1699 Mundone
1388 1634 1432 1699 ad
1453 1634 1599 1718 Margum
1608 1638 1646 1717 ⁴),
1680 1654 1772 1699 nune
1786 1648 1944 1690 lue-usu

137 1755 209 1801 aum
225 1738 377 1822 Pumpeio
399 1738 442 1802 ad
462 1737 749 1823 Adriauopolimb,
776 1758 860 1804 nune
881 1759 952 1804 eum
967 1739 1074 1804 Aristo
1096 1739 1140 1803 ad
1161 1739 1356 1820 Tzortam⁸)‚
1382 1758 1466 1803 nuno
1488 1757 1561 1802 cum
1582 1737 1713 1802 Parthis
1735 1737 1773 1803 iu

90 1865 118 1904 ιι
138 1837 312 1922 Syriamu,
339 1848 373 1905 ut
394 1842 538 1906 omittam
560 1842 714 1907 intestina
734 1842 828 1907 clade
851 1849 884 1907 et
904 1861 1031 1926 pugnas
1053 1841 1087 1905 in
1110 1842 1178 1906 t'oro
1199 1839 1309 1922 regiae
1331 1840 1515 1922 nnuma),
1540 1841 1584 1906 ad
1605 1847 1774 1925 prostremo

57 1950 118 2011 357
137 1949 246 2006 mnus
267 1944 394 2008 Italiam
417 1944 491 2028 plus
513 1945 648 2028 piratico
669 1965 765 2027 quam
787 1945 919 2030 publico
940 1944 1042 2010 Marte
1067 1952 1255 2008 concertans
1265 1945 1303 2026 ⁹),
1330 1943 1502 2008 frustratus
1522 1952 1582 2009 est.
1612 1943 1626 2027 Ι)
1651 1942 1713 2009 sed
1735 1950 1774 2009 et

137 2045 223 2126 quod
245 2047 319 2130 plus
341 2047 402 2111 t'uit
422 2046 615 2129 dolendum,
644 2055 754 2113 contra
776 2048 922 2114 ultimum
944 2067 1037 2112 suum
1061 2047 1215 2112 famulum
1238 2046 1435 2112 Vitalianum
1457 2046 1497 2112 de
1519 2046 1686 2130 Scythiam
1708 2067 1774 2132 per

139 2168 196 2214 sex
218 2170 318 2214 annos
342 2150 437 2215 civile
459 2151 580 2215 bellum
603 2153 753 2218 extraxit.
799 2153 829 2216 is
851 2152 879 2216 si
901 2151 1030 2234 quidem
1054 2150 1234 2216 Vitalianus
1257 2170 1328 2215 cum
1351 2168 1396 2215 ux
1418 2150 1550 2215 milibus
1569 2156 1771 2215 armatorum

138 2252 232 2316 tertio
262 2274 343 2336 pene
375 2274 437 2317 nou
468 2254 513 2318 rei
536 2255 685 2337 publicae
707 2255 767 2320 sed
789 2255 857 2338 regi
881 2254 1020 2320 infestus
1040 2254 1199 2320 accedens
1221 2254 1322 2319 multa
1343 2254 1524 2319 suburbana
1545 2253 1654 2336 regiae
1677 2254 1773 2320 urbis

59 2364 121 2426 358
139 2354 269 2438 praedis
284 2356 458 2440 spoliisque
474 2357 606 2422 adtrivit
615 2362 665 2435 ¹⁰).
682 2361 697 2442 Ι)
712 2363 821 2422 contra
843 2378 938 2440 quem
961 2357 1037 2423 dum
1056 2358 1216 2442 Hypatius
1238 2376 1341 2441 nepus
1355 2356 1505 2422 Caesaris
1526 2375 1599 2421 cum
1621 2357 1772 2423 exercitu
1787 2374 1848 2416 ποι.

89 2484 120 2526 ιι
139 2476 308 2522 numeroso
325 2468 527 2543 pugnaturas
541 2459 715 2543 egreditur.
740 2468 814 2525 aute
829 2461 872 2525 ab
886 2460 1012 2524 Hunnis
1026 2460 1238 2525 auxiliaribus
1252 2459 1376 2543 eapitur
1390 2465 1423 2523 et
1439 2458 1598 2522 Vitaliano
1612 2459 1703 2523 mula
1716 2459 1773 2524 in-

140 2558 259 2624 sedeus
280 2561 415 2646 turpiter
435 2562 601 2631 venditur.
634 2570 806 2646 antequam
829 2571 940 2647 aperto
961 2563 1082 2647 proelio
1104 2571 1195 2648 parte
1216 2563 1356 2627 adversa
1377 2581 1450 2626 sese
1470 2560 1635 2626 inimicum
1656 2569 1774 2627 ostem

140 2661 241 2728 deret.
288 2674 360 2750 post
388 2687 483 2748 quem
516 2666 594 2731 item
619 2666 751 2732 liulinus
772 2667 982 2750 Alatbortque
1011 2688 1097 2750 mag.
1127 2667 1193 2731 mil.
1228 2686 1326 2750 saepe
1356 2665 1513 2750 superati,
1547 2682 1645 2747 saepe
1674 2663 1772 2730 inriei

59 2777 122 2840 359
140 2767 182 2831 ab
215 2789 254 2833 eo
281 2776 314 2834 et
343 2771 441 2854 spreti
470 2777 556 2836 sunt.
614 2771 660 2835 sia
688 2791 814 2855 quoque
844 2770 982 2837 diversis
1010 2771 1154 2855 partibus
1184 2770 1383 2836 inimieorum
1413 2769 1553 2834 vallatus
1581 2767 1772 2849 agminibus

143 2872 336 2937 Anastasius
373 2894 471 2959 saepe
507 2875 690 2958 congemuit
727 2875 871 2959 nullique
906 2882 1014 2940 umen
1051 2874 1168 2941 meruit
1198 2874 1397 2939 inimieorum
1429 2892 1557 2939 suorum
1591 2870 1771 2936 vindictam

228 3218 288 3265 MP
303 3218 353 3264 Vs
368 3220 392 3279 (3
412 3221 560 3268 Anastasius
577 3247 612 3256 -
629 3221 645 3269 i
663 3236 697 3268 m.
719 3235 748 3279 ιι)
764 3221 786 3268 L
804 3221 934 3279 Freeulsus
946 3223 970 3281 2,
986 3224 1011 3279 b,
1029 3224 1060 3268 19
1082 3220 1105 3281 (i
1125 3221 1209 3268 Zenon
1228 3247 1262 3256 -
1281 3218 1296 3267 1
1315 3234 1375 3267 suu.
1395 3232 1486 3279 xxvrs3
1505 3233 1521 3265 a
1533 3217 1566 3266 23
1584 3218 1713 3279 dirersis).
1732 3246 1771 3254 —

144 3303 209 3352 itur
229 3321 256 3364 ρ,
271 3292 334 3351 ase⁶
351 3304 404 3352 et
426 3312 490 3352 -stn
509 3309 605 3355 meust.

232 3458 241 3508 l
264 3456 413 3525 tabuerunt]
432 3460 603 3519 Marcellinus,
623 3468 767 3511 statuerunt
784 3463 841 3510 libri
944 3464 959 3510 3
978 3463 1134 3511 exileutiallo
1153 3462 1188 3511 L'
1293 3461 1376 3508 billis
1394 3461 1479 3508 om.L
1582 3464 1691 3512 adieerat
1715 3466 1734 3511 V

143 3546 314 3593 reconciliante
339 3545 375 3591 V·
498 3549 692 3609 lirenserteque
714 3547 753 3595 γ’
866 3552 1005 3598 eotaianum
1031 3537 1092 3610 VM,
1112 3556 1242 3598 amanum
1262 3547 1313 3597 I‘:
1332 3548 1464 3606 museum,
1484 3549 1605 3596 cottisum
1622 3549 1680 3597 libri
1699 3549 1771 3598 Mar-

142 3631 242 3679 eatas:
255 3637 289 3678 aa
304 3631 445 3694 caeam,
461 3626 600 3684 Kanum
705 3630 840 3701 sangae]
851 3622 972 3693 arsia,
987 3636 1088 3695 reapse
1103 3634 1140 3680 ι’·
1239 3632 1376 3693 erilangus
1389 3631 1434 3691 υ,
1448 3632 1564 3691 ιιιιιμιιι
1576 3620 1619 3696 sl,
1633 3635 1772 3696 rinnau

143 3714 464 3784 edeeilian]11(r)s³n
571 3719 602 3768 lb
620 3716 762 3786 lugierunt]
775 3720 868 3768 MPVL
974 3721 1005 3769 12
1023 3722 1134 3778 fatigatis
1147 3719 1218 3781 P‘ll)
1324 3713 1467 3783 sauiulano]
1480 3717 1538 3765 libri
1642 3719 1673 3769 13
1691 3735 1771 3783 pum·

142 3799 211 3869 pelo]
228 3804 310 3864 MN,
328 3806 442 3867 pompeio
462 3806 483 3852 L
613 3819 754 3854 annaeum
772 3802 880 3873 parthis]
897 3806 926 3859 1,,
947 3820 1007 3853 ιιιιιιι
1026 3807 1121 3868 parthis
1139 3806 1212 3854 MPV
1351 3804 1381 3852 11
1398 3805 1520 3852 intestina
1537 3801 1619 3872 clade]
1639 3805 1734 3854 HPVL

141 3887 279 3957 postremo]
296 3891 375 3954 Hei,
389 3899 543 3954 postremum
560 3893 580 3938 l'
667 3891 698 3941 lb
715 3906 763 3954 quo
775 3893 802 3940 H
894 3892 923 3942 ll
942 3889 1066 3958 extraxit]
1077 3896 1172 3954 scripsi,
1186 3894 1301 3940 extruxit
1314 3890 1393 3950 uPV,
1413 3891 1576 3939 exstruxitb
1665 3891 1696 3941 18
1712 3899 1772 3955 pust

144 3992 208 4041 pene
226 3978 343 4027 excidisse
360 3978 458 4027 uidetur
475 3979 516 4026 die
535 3982 704 4040 cougregatis:
725 3981 750 4026 iu
769 3979 850 4026 triduo
868 3985 1071 4039 congregatorum
1089 3979 1247 4026 Marcellinus
1387 3975 1418 4025 19
1441 3977 1538 4038 praedis
1556 3993 1569 4026 s
1587 3981 1613 4026 in
1629 3980 1709 4027 litura
1732 3967 1772 4026 pe

144 4065 177 4114 20
194 4066 320 4126 egreditur
341 4064 430 4127 (stclP
532 4061 638 4131 hunnis]
655 4065 686 4125 L,
706 4067 783 4113 nauis
802 4064 874 4111 ΗΝ
987 4064 1019 4113 22
1039 4061 1260 4130 ἰωιιι]1ῑοιιιιιι1.
1362 4064 1546 4127 alatborqueL
1648 4067 1772 4125 magister

143 4153 251 4200 militum
270 4153 326 4199 libri
430 4166 504 4214 saepe
522 4147 594 4217 sup]
610 4165 667 4223 sqp.
686 4151 751 4200 etl.
855 4150 888 4200 21
906 4151 1078 4199 uiodIetamL

1499 4309 1580 4316 ——

231 4410 252 4470 1)
274 4411 395 4459 Leontius
413 4424 458 4457 rex
475 4417 502 4457 et
520 4409 583 4457 Illus
601 4415 722 4468 qrsnuus
740 4412 767 4458 lu
785 4410 891 4472 Papyrio
908 4411 1018 4457 Isauriae
1037 4411 1138 4458 castello
1156 4410 1222 4472 eapti
1240 4410 1404 4470 decollatique
1422 4418 1490 4458 sunt.
1528 4411 1610 4473 capita
1628 4423 1714 4458 eorum
1732 4439 1770 4447 —

143 4499 280 4546 tabuerunt
299 4495 468 4546 Marcellinus.

229 4583 254 4644 2)
275 4583 337 4632 dum
357 4620 363 4631 .
380 4619 387 4631 .
402 4620 432 4631 ..
452 4582 602 4632 fraudantur
618 4581 738 4630 abnmla
759 4581 913 4632 Marcellino.

231 4671 256 4731 3)
276 4683 412 4731 omnesque
431 4670 505 4717 simul
523 4670 605 4718 Isauri
624 4671 699 4729 rugae
716 4669 796 4717 dediti
814 4683 859 4731 per
877 4674 993 4718 montana
1011 4683 1147 4731 asperaque
1165 4670 1217 4718 toea
1235 4669 1355 4716 Isauriam
1373 4673 1491 4730 repetunt
1510 4668 1678 4717 Marcellinus.

230 4758 254 4818 1)
277 4756 429 4804 Sabtaianus
448 4790 456 4805 .
472 4791 501 4805 ..
521 4756 650 4816 delegatus
674 4762 759 4804 nouus
783 4755 937 4804 Mundouem
955 4756 1044 4803 Getam
1064 4792 1069 4802 .
1086 4792 1091 4803 .
1110 4792 1116 4803 .
1136 4754 1316 4814 commbsoque
1340 4754 1370 4801 ad
1393 4755 1488 4803 Horrea
1504 4755 1588 4814 Margo
1608 4754 1702 4816 praello
1719 4760 1767 4804 eet.

144 4843 303 4892 Marcellinus
320 4858 345 4891 a.
366 4844 426 4890 505.
509 4865 516 4879 ·

229 4930 252 4991 5)
274 4929 341 4977 Alibi
357 4942 407 4976 non
423 4933 581 4977 mmsis.

228 5016 251 5076 6)
273 5017 375 5064 Aristus
393 5015 550 5073 Illyricianae
568 5015 656 5063 ductor
674 5015 779 5063 militiae
798 5051 804 5061 .
822 5050 828 5062 .
846 5050 874 5063 ..
895 5019 981 5061 conus
999 5014 1119 5072 bulgares
1131 5012 1259 5060 Thraciam
1278 5012 1438 5060 devastantes
1456 5013 1583 5073 protectus
1600 5019 1651 5062 est:
1672 5013 1768 5061 bellurn

143 5103 215 5149 quta
233 5103 334 5150 Zurtam
352 5102 458 5149 durium
476 5106 617 5148 consertum
635 5106 681 5149 cel.
706 5099 866 5149 Marcellinus
883 5116 908 5147 a.
931 5103 990 5149 199.

229 5188 252 5250 l)
273 5189 345 5236 Bella
363 5187 421 5234 baec
439 5192 539 5236 enarrat
558 5186 720 5236 Marcellinus
738 5203 761 5236 a.
784 5187 929 5235 atti-tos.

228 5274 251 5335 ὃ)
273 5273 446 5335 despiciuntur
463 5288 525 5335 quae
541 5279 630 5321 narrat
649 5275 809 5323 Marcellinus
826 5290 850 5322 a.
871 5275 932 5322 133.

229 5360 252 5422 9)
275 5361 400 5408 Romanus
493 5369 519 5407 et
537 5361 656 5408 Rusticus
747 5361 776 5409 ad
801 5360 954 5409 devastanda
973 5359 1061 5407 Italiae
1084 5360 1158 5407 litora
1181 5363 1355 5421 processerunt
1447 5356 1604 5404 inhonestam
1628 5356 1767 5419 statoriam,

144 5460 217 5509 quam
236 5447 340 5508 piratico
358 5460 420 5494 ausu
439 5446 541 5494 Romani
561 5461 593 5493 ex
612 5447 728 5495 Romame
746 5453 890 5509 rapuerunt,
913 5447 1046 5494 Anastasio
1066 5444 1168 5493 Caesari
1186 5450 1343 5506 reportarunt
1362 5441 1522 5490 Marcellinus
1538 5458 1564 5491 a.
1584 5443 1643 5491 508.

232 5530 270 5592 111)
292 5532 436 5580 Vitalianus
454 5532 545 5592 Scytha
569 5532 709 5594 adsumptis
727 5534 893 5581 Romanorum
917 5533 1033 5593 equitnm
1051 5531 1215 5593 peditumque
1232 5532 1289 5593 plus
1306 5543 1381 5590 quam
1400 5542 1435 5576 ax
1453 5529 1555 5576 milibus
1572 5534 1723 5577 armatorum
1740 5531 1770 5578 ln

143 5619 227 5668 triduo
244 5624 444 5681 congregatorum
462 5619 489 5666 tn
508 5619 589 5667 locum
608 5621 651 5681 qui
670 5619 799 5681 Septimus
816 5618 908 5667 dieitur
925 5618 1030 5667 advenit
1047 5618 1132 5679 ibique
1150 5622 1230 5664 eastra
1248 5619 1356 5664 metatus
1374 5620 1412 5663 est
1432 5613 1592 5663 Marcellinus
1608 5627 1633 5663 a.
1653 5614 1715 5663 bu.
