4246 6082
401 305 447 372 Vl
1096 304 1327 361 PROOEhlthi.

402 530 548 598 doctrina
574 550 645 595 curn
668 530 859 595 Germanico
881 529 1056 612 veriloquio
1078 529 1147 595 veri
1168 529 1309 614 speciem
1331 529 1473 612 aliquam
1496 530 1682 596 vindicavit.
1728 540 1851 616 patrem
1874 530 2028 596 Iordanes

401 651 523 732 habuit,
550 650 578 716 si
593 670 670 715 vera
684 649 779 715 lectio
796 657 845 715 est
861 650 900 714 G.
920 655 972 731 59,
992 653 1065 733 266,
1088 649 1412 732 Alanoriiamuthem,
1438 671 1534 714 avum
1551 650 1678 715 Pariam
1694 651 1851 716 notarium
1867 651 2027 717 Candacis

402 773 480 851 eius,
508 771 562 854 qui
578 770 683 835 Scires
699 769 959 852 Sadagariosque
975 769 1212 853 Alanorumque
1235 770 1390 851 quosdam
1413 768 1446 835 in
1461 769 1627 855 Scythiam
1650 770 1802 836 minorem
1825 780 1857 837 et
1872 769 2026 836 Moesiam

401 890 584 958 inferiorem
609 889 715 954 duxit:
751 890 820 972 ipsc
848 888 1012 975 ‘quamvis
1036 893 1267 974 agrammatus
1298 897 1333 954 ut
1361 889 1408 956 ait
1436 889 1529 957 homo
1552 911 1613 955 non
1637 891 1706 956 sine
1729 910 1826 956 causa
1848 892 2023 971 modestus,

402 1012 478 1077 item
508 1011 652 1076 natalias
682 1009 742 1074 suit
770 1009 858 1094 apud
887 1009 1047 1075 Candacis
1075 1010 1191 1076 sororis
1221 1010 1322 1075 lilium
1352 1009 1550 1093 Gunthigem
1578 1010 1647 1076 siue
1677 1011 1807 1075 Bazam.
1854 1010 2028 1093 Guuthigis

401 1132 486 1198 tilius
509 1130 656 1214 Andagis
678 1130 748 1194 cius
771 1129 825 1212 qui
845 1150 878 1194 a.
903 1130 1022 1197 451in
1045 1130 1166 1215 eampis
1189 1130 1407 1197 Catalaunicis
1429 1130 1489 1206 sub
1511 1129 1612 1195 Attila
1633 1130 1775 1195 militans
1790 1130 2026 1195 Theoderidum

402 1272 511 1336 regem
533 1250 787 1333 l'esegotharum
816 1247 979 1315 interemit
1006 1249 1056 1332 (G.
1083 1232 1141 1331 40,
1162 1251 1250 1335 209),
1282 1269 1382 1335 nepos
1405 1249 1561 1332 Andelae,
1588 1248 1629 1317 de
1651 1249 1803 1334 prosapia
1826 1251 2023 1314 Amatorum.

402 1372 489 1457 apud
511 1373 671 1435 Romanos
694 1366 840 1453 magistri
861 1368 998 1435 militum
1022 1369 1162 1434 cilicium
1184 1369 1368 1452 sustinuit,
1386 1390 1444 1454 per
1464 1367 1622 1435 Thracias
1644 1369 1799 1450 fortasse,
1826 1377 1860 1434 ut
1883 1369 2029 1434 similiter

403 1491 499 1557 Gildo
522 1490 675 1577 principis
698 1491 877 1555 Maurorum
902 1488 987 1559 filius
1010 1509 1117 1555 comes
1139 1489 1292 1574 primum,
1328 1490 1446 1556 deinde
1472 1490 1626 1572 magister
1647 1489 1784 1555 militum
1807 1509 1864 1573 per
1885 1489 2027 1553 Africam

403 1612 506 1677 factus
535 1617 594 1676 est.
643 1631 683 1676 ex
711 1601 837 1695 patroni
865 1610 936 1676 loco
966 1609 1062 1676 etiam
1092 1608 1133 1675 de
1161 1609 1307 1676 Iordanis
1341 1611 1525 1676 condicione
1558 1609 1740 1676 coniectura
1774 1609 1929 1693 capienda
1965 1618 2024 1674 est.

402 1732 519 1797 notarii
542 1730 627 1797 enim
651 1750 765 1795 munus
783 1714 861 1796 oum
882 1730 1056 1813 aliquando
1079 1729 1167 1814 apud
1188 1729 1329 1814 privatos
1351 1730 1522 1812 seruilelj‘,
1548 1730 1581 1795 in
1604 1750 1638 1795 rc
1660 1729 1790 1795 militari
1813 1729 2022 1812 gregalium,

403 1852 533 1923 fuisset.
567 1852 694 1915 labente
724 1855 830 1916 aetate
859 1849 914 1935 qui
944 1870 981 1915 eo
1009 1848 1226 1932 fungebantur
1255 1850 1342 1934 apud
1372 1850 1582 1934 imperatores
1608 1857 1641 1917 ct
1662 1849 1868 1932 magistratus
1891 1849 2028 1913 maiores

402 1992 466 2037 non
497 1971 643 2036 ultimum
672 1971 777 2035 locum
806 1969 889 2035 inter
916 1968 1081 2036 officiales
1100 1969 1270 2035 tenebant:
1303 1966 1355 2034 ita'
1376 1942 1442 2035 noti
1470 1976 1545 2037 sunt
1572 1968 1798 2056 imperatorum
1832 1968 1966 2034 ‘trihuni
1997 1976 2029 2033 et

406 2091 564 2173 ‘notarii',
595 2091 671 2155 item
697 2090 834 2155 ‘tribuni
857 2096 889 2156 et
910 2088 1024 2155 notarii
1047 2089 1266 2174 praetoriaui',
1293 2109 1408 2174 nempe
1430 2088 1662 2175 praefectorum
1686 2088 1857 2174 praetorio,
1883 2108 1954 2154 cum
1977 2109 2029 2152 or-

403 2211 513 2276 dinum
542 2209 728 2276 inferiorum
758 2209 874 2274 notarii
903 2209 1007 2292 magis
1033 2216 1162 2275 utantur
1183 2209 1340 2275 vocabulo
1361 2216 1578 2295 exceptorum.
1626 2229 1719 2293 reges
1747 2214 1855 2273 autern
1884 2208 2027 2291 gentium

402 2331 610 2397 barbararum
634 2337 666 2395 et
687 2329 749 2414 ipsi
773 2337 896 2395 mature
919 2328 1076 2395 eiusmodi
1097 2328 1238 2397 notarios
1260 2327 1481 2395 adsciverunt:
1496 2311 1498 2315 ’
1514 2330 1560 2395 ita
1589 2349 1701 2412 regum
1724 2327 1941 2393 Vandalorum
1971 2349 2028 2392 uo-

401 2451 476 2517 tarii
505 2451 626 2534 passim
656 2450 858 2514 nominantur
866 2452 910 2531 ²¹),
943 2448 1094 2531 idemque
1120 2448 1161 2514 de
1183 2448 1284 2514 Attila
1306 2447 1442 2514 efficitur
1464 2469 1504 2515 ex
1526 2449 1693 2532 Anonpmo
1715 2447 1888 2513 Valesiauo
1911 2468 1940 2512 c.
1967 2451 2024 2512 38:

407 2571 554 2637 ‘Orestes
578 2569 761 2635 Pannonius
784 2589 821 2634 eo
845 2576 1005 2653 tempore,
1039 2567 1167 2651 quando
1190 2569 1290 2634 Attila
1312 2569 1345 2633 in
1368 2568 1495 2634 Italiam
1518 2567 1622 2650 venit,
1649 2587 1684 2633 se
1706 2567 1757 2631 illi
1778 2568 1882 2633 iunxit
1904 2575 1935 2633 et
1959 2568 2029 2633 eius

408 2690 564 2756 ‘notarius
594 2690 697 2755 factus
729 2689 850 2754 iuerat:
885 2688 969 2753 unde
999 2688 1134 2773 proiecit
1162 2696 1195 2754 et
1224 2708 1326 2770 usque
1356 2687 1398 2754 ad
1428 2687 1615 2772 patriciatus
1643 2685 1832 2770 dignitatem
1855 2688 2025 2772 perrenit'.

403 2811 489 2877 idem
512 2809 622 2876 Prisco
645 2827 770 2892 quoque
799 2808 847 2889 (h.
869 2811 888 2873 8
911 2830 944 2893 p.
963 2810 1002 2888 78
1026 2809 1149 2892 Mucii.)
1178 2807 1294 2874 dicitur
1315 2808 1435 2888 Attilae
1457 2803 1560 2873 ὀπάων
1582 2807 1634 2872 καὶ
1658 2803 1859 2894 impasta
1908 2808 2029 2873 similes

403 2930 500 3015 igitur
529 2929 669 2996 notarios
698 2936 764 2995 tarn
792 2928 924 2995 Candac
952 2928 1064 2995 habuit
1094 2928 1161 2994 dux
1188 2935 1222 2994 et
1248 2928 1384 2995 sortasse
1413 2949 1471 2995 rex
1492 2928 1634 3012 Alanus,
1665 2949 1764 3012 quam
1787 2928 1959 3011 Gunthigis
1990 2947 2029 2991 cx

402 3051 490 3133 regio
521 3070 640 3134 genere
662 3048 839 3115 Gothorum
869 3048 1021 3116 oriundus
1052 3057 1084 3115 et
1112 3049 1155 3114 ad
1183 3049 1404 3132 magisterium
1433 3048 1589 3132 militum,
1621 3068 1679 3134 per
1700 3048 1856 3114 Thracias
1878 3048 2027 3127 sortasse,

403 3176 438 3236 ut
467 3168 744 3255 supradiximus,
778 3174 950 3252 promotus.
997 3188 1061 3233 non
1082 3168 1192 3233 infima
1213 3169 1311 3252 igitur
1332 3169 1518 3236 condicione
1548 3168 1581 3233 in
1611 3169 1739 3234 saeculo
1769 3167 1921 3233 Iordanes
1952 3187 2029 3232 usus

404 3298 455 3357 est
476 3309 577 3372 eoque
600 3287 705 3370 magis
727 3286 857 3370 insigni,
883 3288 969 3370 quod
991 3287 1227 3369 quodammodo
1250 3288 1281 3353 ei
1303 3287 1496 3353 hereditaria
1518 3286 1588 3351 fuit.

326 3430 391 3484 ougo
492 3409 591 3476 (iuius
614 3406 753 3473 nationis
776 3406 871 3471 Paria
894 3407 1026 3490 eiusque
1049 3406 1134 3471 iilius
1157 3415 1191 3473 et
1210 3426 1311 3491 nepos
1333 3407 1462 3488 fuerint,
1489 3426 1529 3471 cx
1552 3426 1650 3490 supra
1673 3405 1767 3472 dictis
1789 3426 1851 3470 non
1875 3406 2024 3485 elicitum

403 3536 489 3595 certe
519 3514 659 3593 Alanum
690 3547 763 3592 eum
792 3526 894 3593 luisse
922 3545 1027 3609 neque
1057 3525 1133 3592 inde
1161 3532 1229 3592 tuto
1259 3526 1436 3610 colligitur,
1474 3526 1559 3609 quod
1591 3525 1679 3611 apud
1712 3524 1826 3591 ilucem
1856 3527 2029 3592 Alanorum

404 3648 544 3714 osticium
574 3646 825 3723 administrauit,
860 3666 964 3729 neque
996 3667 1038 3712 cx
1067 3666 1106 3713 eo
1135 3646 1238 3729 quod,
1272 3648 1305 3713 in
1327 3647 1448 3714 domiui
1470 3646 1622 3712 honorem
1644 3646 1795 3729 fortasse,
1827 3645 1893 3711 filio
1915 3666 2030 3711 nomen

403 3768 555 3854 imposuit
585 3787 655 3833 cum
678 3767 854 3832 Alanorum
883 3767 1038 3832 vocabulo
1069 3767 1176 3833 nescio
1206 3768 1363 3850 quomodo
1385 3766 1604 3852 compositum.
1651 3767 1760 3849 itaque
1783 3786 1854 3831 cum
1877 3766 2030 3831 Iordanes

403 3890 474 3975 ipse
497 3889 584 3954 dicat
605 3887 638 3952 in
660 3887 788 3971 epilogo
811 3907 851 3953 ex
867 3886 1043 3953 Gothorum
1065 3895 1161 3971 gente
1184 3887 1339 3971 originem
1361 3906 1396 3952 se
1418 3887 1555 3968 trahere,
1582 3886 1617 3952 id
1639 3886 1808 3969 quominus
1823 3905 1899 3951 vere
1914 3885 2030 3950 dixerit

403 4009 483 4074 nihil
506 4009 622 4075 obstat.
669 4006 728 4072 sed
757 4007 895 4073 fortasse
921 4008 1032 4093 paullo
1059 4008 1153 4074 aliter
1182 4027 1233 4073 res
1256 4006 1450 4092 explicanda
1471 4014 1532 4072 est.
1578 4026 1617 4072 eo
1638 4006 1710 4091 ipso
1732 4007 1819 4086 loco,
1851 4026 1915 4088 quo
1938 4025 2031 4071 suam

404 4129 558 4212 originem
582 4127 735 4192 Iordanes
757 4135 902 4210 enarrat,
928 4127 1004 4193 item
1028 4127 1075 4193 sic
1098 4128 1223 4194 scribit:
1260 4127 1502 4209 ‘Sauromatac,
1529 4146 1608 4210 quos
1631 4126 1795 4192 Sarmatas
1817 4126 1971 4192 dicimur.
1999 4133 2031 4190 et

408 4246 598 4314 ‘Cemandri
621 4254 653 4312 ct
674 4246 805 4330 quidam
827 4267 869 4312 ex
886 4246 1011 4312 Hunnis
1034 4256 1125 4332 parte
1148 4248 1270 4332 Illyrici
1292 4247 1336 4317 ad
1351 4228 1641 4313 Castramartenam
1663 4247 1790 4313 nrbem'
1812 4245 2029 4331 ——oppidum

404 4368 601 4450 intellegitur
623 4366 738 4431 Castra
760 4366 871 4431 llartis
894 4366 1015 4433 Daciae
1038 4367 1175 4453 ripensis
1197 4405 1241 4415 —
1274 4368 1387 4433 ‘sedes
1410 4368 1471 4433 sihi
1494 4368 1587 4432 datas
1610 4367 1791 4432 coluemnt:
1826 4386 1866 4431 ex
1888 4386 1950 4449 quo
1973 4385 2030 4448 ge-

408 4492 501 4554 ‘nere
517 4476 578 4553 luit
593 4487 712 4552 Biirila
729 4485 795 4550 dux
811 4486 1089 4569 Pentapolitanus'
1111 4487 1245 4571 (scilicet
1259 4488 1471 4572 Pentapoleos
1488 4487 1521 4551 in
1536 4486 1645 4552 Africa
1660 4486 1740 4552 Cod.
1759 4486 1837 4550 lust.
1859 4488 1908 4551 12.
1930 4488 1980 4565 59,
1997 4488 2026 4565 3,

404 4610 535 4692 Procop.
562 4608 639 4673 hell.
665 4605 768 4670 Vand.
796 4608 826 4687 2,
854 4609 906 4688 21}
943 4606 1093 4690 ‘eiusque
1122 4627 1294 4690 germanus
1316 4607 1425 4673 Froila
1453 4614 1486 4672 ct
1511 4606 1610 4672 nostri
1631 4605 1783 4690 temporis
1806 4606 1907 4670 Bessa
1930 4604 2026 4690 patri-

490 4919 514 4981 7)
536 4919 654 4970 Scaevola
675 4920 743 4979 (Dig.
764 4918 806 4981 lo,
828 4918 871 4981 41,
892 4918 916 4980 3)
943 4933 975 4967 ex
993 4925 1145 4970 testamento
1163 4922 1236 4969 aiiert
1254 4921 1506 4970 fideleommiassriam
1523 4920 1663 4968 libertatem
1682 4917 1765 4968 Sticho
1787 4918 1907 4966 ‘notario'
1931 4918 2028 4975 datam,

404 5003 497 5053 Paulus
518 5004 585 5066 (Dlg.
608 5003 651 5066 29,
675 5004 697 5065 l,
718 5003 811 5068 ilipa]
832 5019 915 5053 casum
933 5006 1009 5053 refert
1028 5008 1084 5054 eius
1105 5007 1148 5068 qul
1170 5007 1278 5056 ‘notario
1296 5003 1351 5056 sno'
1371 5010 1549 5056 testamentum
1568 5006 1672 5064 dictarit,
1694 5005 1830 5054 defunctus
1848 5003 1939 5051 deinde
1957 5014 2031 5051 aute·

404 5103 478 5151 quam
496 5089 588 5138 litteris
606 5093 632 5139 id
649 5092 853 5153 perscriberetur.
886 5091 1009 5154 ‘Sertrust
1030 5093 1158 5156 notarius]
1178 5100 1204 5142 et
1221 5093 1316 5157 acttorl'
1336 5099 1374 5142 est
1391 5094 1419 5140 in
1437 5093 1509 5141 titulo
1527 5094 1622 5141 urbano
1639 5091 1687 5141 rol.
1702 5090 1736 5138 VI
1749 5105 1775 5140 n.
1791 5088 1867 5149 9130,
1892 5088 2029 5137 ‘notarius'

404 5176 498 5223 domini
515 5176 647 5224 cuiusdam
666 5179 693 5224 in
711 5178 784 5226 altero
799 5191 826 5226 u.
841 5175 923 5239 9705,
945 5179 1043 5227 duorlri
1055 5179 1187 5229 cuiusdam
1199 5180 1338 5229 ‘leonensis
1359 5179 1490 5228 ‘alumnus
1508 5184 1534 5227 et
1552 5176 1687 5241 modarius
1705 5189 1792 5225 servus
1810 5177 1914 5223 fortasse
1932 5180 1959 5224 ct
1976 5175 2031 5238 ipse

403 5261 432 5309 tn
450 5261 524 5309 titulo
544 5261 571 5310 C.
592 5262 613 5311 l.
633 5263 662 5311 1..
683 5263 715 5324 X,
736 5261 813 5313 4789.

490 5344 515 5406 8)
538 5347 668 5395 ‘Notarius
686 5347 774 5408 legati'
793 5356 832 5399 est
850 5351 877 5397 in
896 5350 972 5397 titulo
990 5350 1182 5400 Lambaesitano
1201 5350 1229 5400 C.
1250 5351 1272 5399 1.
1292 5351 1322 5400 L.
1343 5352 1390 5400 rol.
1411 5350 1474 5398 VIII
1492 5363 1519 5399 u.
1539 5348 1615 5398 2755.
1641 5349 1672 5397 ef.
1695 5346 1775 5396 Canen
1793 5347 1851 5410 eph.
1871 5346 2030 5410 epigraphi

404 5445 431 5494 p.
451 5429 501 5480 432
515 5446 552 5493 sq.
1639 5432 1643 5439 '

491 5518 515 5578 9)
535 5517 620 5577 Dalm,
642 5516 737 5580 Kdm'pe
755 5520 797 5568 der
809 5521 946 5570 (sermonen
968 5520 991 5582 l,
1006 5520 1065 5570 221.
1098 5523 1144 5571 sub
1157 5522 1263 5573 Odoacro
1285 5523 1441 5572 'Marcianus
1460 5522 1513 5584 air)
1532 5522 1664 5585 egreglus)
1683 5522 1794 5570 notarius
1813 5519 1895 5584 regni'
1913 5522 1968 5569 eius
1986 5533 2031 5568 no-

403 5602 556 5651 minatoria
576 5614 670 5662 papyro
689 5604 825 5656 Mariniaua
843 5622 868 5657 n.
890 5608 931 5658 82.
