4246 6082
224 310 334 376 xxiv
834 272 837 277 ’
922 300 1151 356 rnoonnrvn.

226 531 332 596 minus
361 529 527 613 inquinata
556 537 606 594 est
633 549 728 611 quam
757 546 840 610 quae
870 533 1037 612 praeterea
1057 524 1144 610 apud
1167 545 1239 591 eum
1263 524 1423 607 leguntur.
1470 545 1490 588 a
1512 524 1640 590 dedda
1662 522 1873 589 Macedonia

225 650 302 715 inde
317 648 470 715 Iordanes
485 670 506 714 a
520 650 614 714 Floro
630 647 673 714 ad
687 647 813 713 Rodum
830 667 864 712 se
881 647 1046 728 convertit,
1073 644 1132 712 sed
1155 653 1189 711 ut
1211 652 1243 711 et
1265 643 1442 728 insigniora
1463 644 1633 726 quaedam,
1660 643 1872 710 Galatarum

227 771 260 834 in
283 770 363 834 Asia
385 788 456 834 curn
479 769 631 834 Romanis
654 768 807 852 proelium
832 767 913 832 duce
935 767 1055 832 Manlio
1082 768 1120 848 (e.
1146 768 1239 847 221),
1273 764 1460 831 Parthorum
1484 763 1525 829 de
1548 764 1665 830 Crasso
1686 760 1872 829 victoriam

234 893 271 972 (e.
293 893 366 955 236.
394 892 481 971 237),
508 887 640 953 Antonii
664 895 696 953 et
719 888 910 972 Cleopatrae
932 886 1093 952 interitum
1122 887 1158 967 (e.
1185 887 1381 966 251-254),
1407 885 1522 950 laudes
1544 884 1681 968 Augusti
1711 882 1750 964 (o.
1780 886 1865 966 255)

229 1016 359 1094 propter
380 1008 601 1073 admirabilem
624 1007 893 1093 pulchritudinem
916 1007 1071 1072 Brutianae
1093 1006 1230 1073 exilitati
1254 1005 1462 1071 substitueret
1476 1011 1517 1084 et,
1545 1012 1692 1089 utsupra
1713 1007 1756 1090 lp.
1778 1002 1867 1087 XII)

232 1129 309 1210 dixi,
336 1149 387 1194 res
410 1128 550 1213 IllyrIci,
576 1148 708 1211 quarum
731 1127 861 1193 Iordani
884 1128 1060 1212 praecipua
1081 1147 1158 1192 eura
1180 1135 1257 1206 erat,
1284 1132 1452 1211 postquam
1475 1124 1518 1190 ad
1541 1125 1666 1190 Rufinm
1689 1123 1872 1190 enarravit

239 1252 275 1330 [o.
303 1250 504 1330 211-221),
537 1249 642 1314 denuo
665 1268 693 1312 e.
720 1250 889 1311 211-248
919 1247 961 1313 ad
984 1247 1115 1312 Florum
1146 1253 1303 1331 repeteret
1331 1244 1441 1310 addito
1472 1252 1642 1330 praeterea
1662 1243 1873 1311 narrationis

235 1368 389 1432 Rufianae
412 1368 633 1453 supplemento
656 1367 696 1433 de
712 1367 912 1433 Mannaridis
931 1375 963 1433 et
978 1366 1227 1432 Garamantibus
1250 1367 1283 1431 in
1298 1366 1409 1432 Africa
1436 1368 1581 1447 (0.2491.
1606 1364 1763 1430 —Haec
1789 1384 1871 1430 enm

235 1488 379 1553 condicio
401 1488 445 1554 sit
466 1495 683 1572 excerptorum
707 1488 925 1552 Florianorum
948 1486 1036 1572 apud
1058 1486 1244 1568 Iordanem,
1271 1507 1311 1552 oa
1333 1493 1491 1568 quatenus
1513 1485 1704 1570 perveniunt
1726 1485 1871 1550 Florum

236 1607 342 1672 edenti
366 1607 484 1672 codicis
507 1607 607 1672 instar
629 1615 704 1674 sunt
725 1608 858 1690 eiusque
881 1608 976 1690 longe
999 1606 1119 1692 optimi,
1145 1606 1179 1672 id
1199 1607 1282 1690 quod
1299 1613 1383 1672 reete
1397 1606 1557 1671 intellexit
1572 1612 1604 1672 et
1618 1606 1748 1671 Florum
1765 1625 1873 1671 sunm

238 1734 272 1791 ut
300 1727 375 1792 aliIs
405 1727 556 1793 subsidiis
586 1728 631 1793 ita
651 1727 799 1793 Iordanis
829 1727 950 1792 auxilio
980 1727 1110 1811 egregie
1140 1726 1326 1793 reformavit
1346 1726 1419 1792 Otto
1441 1727 1522 1791 Iahn
1551 1726 1673 1791 amicus
1695 1727 1874 1810 qnondam

238 1867 328 1912 mens
357 1848 666 1932 praestantissimus,
701 1849 792 1913 cuius
821 1854 888 1913 tum
919 1867 990 1912 enm
1019 1867 1057 1913 eo
1086 1845 1164 1911 mihi
1193 1847 1368 1912 eommunis
1398 1846 1517 1912 laboris
1539 1853 1632 1930 grata
1661 1867 1723 1912 non
1753 1848 1876 1914 minus

238 1987 333 2049 quarn
356 1968 503 2033 luctuosa
525 1968 702 2034 recordatio
724 1968 819 2033 hodie
842 1968 984 2033 animum
1008 1967 1103 2033 subit.
1143 1974 1175 2032 ct
1196 1967 1343 2032 adhibuit
1363 1965 1494 2031 Iahnius
1517 1987 1580 2032 non
1598 1968 1769 2034 Iordanem
1794 1969 1878 2035 edi-

239 2093 306 2151 tum
335 2094 434 2152 totum
459 2094 657 2172 corruptum,
692 2088 750 2152 sed
780 2108 819 2152 ex
848 2087 939 2152 libris
969 2106 1049 2169 quos
1078 2087 1177 2152 habui
1206 2087 1514 2172 praestantissimum
1538 2088 1872 2171 Heidelbergensem,

241 2207 326 2271 unde
349 2207 466 2272 facturn
490 2216 556 2288 est,
583 2215 617 2273 ut
640 2229 679 2272 ex
701 2207 763 2272 hac
784 2228 857 2272 mea
878 2205 1024 2271 Iordanis
1046 2207 1229 2272 recensione
1252 2208 1294 2273 ad
1317 2208 1402 2272 Flori
1426 2207 1523 2273 crisin
1545 2209 1619 2274 novi
1641 2230 1703 2274 non
1726 2210 1875 2276 multum

242 2325 385 2390 accedat.
444 2327 543 2392 nihilo
572 2327 678 2391 minus
708 2327 794 2392 Flori
824 2327 922 2392 libros
952 2326 1057 2392 denuo
1087 2328 1326 2410 recognoscenti
1355 2348 1417 2394 non
1447 2326 1592 2395 inutilem
1623 2350 1693 2396 earn
1723 2330 1877 2396 futuram

244 2463 315 2508 esse
338 2445 498 2510 existimo.
543 2467 617 2510 nam
640 2453 675 2511 ut
700 2454 946 2512 consentaneum
977 2454 1026 2512 est
1054 2445 1096 2512 de
1124 2446 1260 2512 lectione
1283 2447 1428 2514 Iordanis
1456 2447 1522 2514 iarn
1552 2449 1642 2514 libris
1671 2450 1741 2515 eius
1770 2451 1879 2535 plene

245 2565 389 2629 excussis
416 2565 520 2650 magis
543 2572 689 2630 constare
711 2586 807 2647 quam
830 2567 942 2631 Iahnio
965 2574 1109 2632 constare
1132 2567 1249 2649 potuit,
1282 2567 1328 2631 ita
1349 2567 1377 2632 is
1400 2587 1438 2633 eo
1461 2569 1588 2635 nomine
1611 2570 1745 2651 erravit,
1781 2572 1880 2653 quod

244 2692 372 2767 praeter
394 2685 700 2768 Heidelbergensem
724 2687 947 2752 Monacensem
971 2707 1097 2770 quoque
1119 2685 1356 2770 Pollingensem
1385 2689 1421 2769 [P
1440 2689 1554 2770 Iahnii)
1588 2711 1651 2755 non
1680 2691 1786 2756 solum
1810 2693 1879 2758 ad-

240 2808 360 2887 hibuit,
396 2806 454 2871 sed
483 2806 579 2871 etiam
602 2806 870 2891 Heidelbergensi
896 2807 1129 2890 quodammodo
1151 2807 1388 2892 aequiparavit,
1418 2828 1494 2879 curn
1518 2809 1559 2875 sit
1582 2817 1675 2876 notae
1698 2810 1877 2880 deterioris

247 2946 351 3009 neque
374 2927 475 2989 ullum
498 2926 601 2991 loeurn
624 2927 657 2990 in
681 2928 754 2992 crisi
777 2934 896 2993 teneat.
943 2928 1001 2993 sed
1029 2927 1133 3012 ipsum
1157 2947 1283 3010 quoque
1305 2929 1346 2993 do
1368 2929 1528 2994 Florianis
1550 2930 1698 2996 Iordanis
1719 2930 1884 2998 iudicium

247 3048 450 3130 aliquatenus
482 3046 716 3111 reformandum
748 3056 807 3112 est.
855 3047 979 3113 seilicet
1006 3022 1076 3111 eum
1101 3046 1187 3111 Flori
1216 3046 1309 3113 crisis
1330 3048 1484 3124 innitatur
1506 3049 1596 3115 lihn's
1618 3050 1744 3115 duobus
1766 3050 1886 3117 Naza-

248 3167 337 3232 riano
359 3165 455 3231 hodie
471 3165 738 3249 lleidelbergensi
759 3175 790 3233 et
805 3167 1046 3249 Bambergensi,
1072 3167 1095 3231 ii
1117 3167 1173 3232 nbi
1197 3166 1374 3248 discedunt,
1401 3168 1556 3234 Iordanes
1577 3170 1764 3254 plerumque
1787 3172 1885 3239 litem

250 3287 298 3351 ita'
318 3285 455 3362 dirimit,
491 3293 525 3351 ut
546 3285 640 3351 alteri
663 3288 723 3350 utri
748 3287 905 3351 calculum
928 3288 1043 3367 addat,
1075 3286 1328 3369 crediderimqne
1350 3286 1435 3353 iusto
1459 3289 1588 3373 saepius
1611 3289 1749 3356 editores
1771 3312 1885 3359 reces-

252 3406 333 3471 sisse
362 3426 383 3470 a
413 3424 571 3470 consensu
594 3406 739 3471 Iordanis
770 3426 841 3470 cum
864 3406 964 3471 altero
987 3412 1056 3471 utro
1078 3405 1166 3470 Flori
1189 3405 1280 3470 libro.
1327 3406 1385 3471 sed
1406 3415 1514 3472 tamen
1537 3428 1710 3475 consensus
1732 3411 1886 3477 Iordanis

253 3547 324 3592 eum
353 3526 454 3591 altero
484 3531 554 3590 utro
584 3526 693 3591 codice
723 3546 785 3591 non
813 3526 948 3591 eandem
971 3525 1035 3591 virn
1058 3526 1166 3592 habet.
1214 3545 1291 3590 usus
1313 3533 1363 3591 est
1385 3526 1487 3608 enirn,
1521 3535 1556 3593 ut
1577 3528 1696 3613 optime
1717 3528 1886 3598 intellexit

254 3645 403 3726 Iahnius,
434 3645 514 3711 libro
538 3646 787 3728 Bambergensis
812 3645 991 3727 simillimo,
1026 3645 1204 3729 antiquiore
1227 3666 1304 3713 sane
1327 3667 1364 3712 eo
1388 3648 1526 3713 saeculis
1549 3670 1612 3713 non
1634 3649 1746 3735 paucis
1770 3657 1802 3716 et
1824 3673 1886 3737 pro

255 3772 361 3831 aetate
390 3765 624 3860 emendatiore,
660 3766 718 3831 sed
748 3764 823 3831 item
852 3767 1019 3848 inquinato
1048 3767 1174 3832 mendis
1204 3787 1275 3831 eum
1301 3767 1371 3832 solo
1393 3768 1624 3851 Bambergensi
1648 3770 1881 3838 communibus.

258 3885 328 3967 loci,
356 3884 410 3950 ubi
432 3884 586 3950 Iordanes
609 3893 641 3950 et
662 3885 913 3969 Bambergensis
936 3887 1024 3952 Flori
1047 3894 1155 3952 eontra
1176 3886 1391 3952 Nazarianum
1414 3887 1446 3953 in
1470 3888 1563 3954 falsis
1586 3889 1787 3956 consentiunt
1808 3899 1888 3958 sunt

259 4007 341 4071 inter
364 4004 445 4069 alios
467 4005 552 4069 Flor.
582 4010 608 4085 1,
636 4008 666 4087 3,
694 4010 712 4068 5
737 4037 778 4060 =
800 4006 886 4071 Iord.
912 4028 944 4091 p.
974 4010 1020 4085 12,
1050 4010 1083 4089 3,
1117 4005 1171 4072 ubi
1194 4027 1250 4091 pro
1272 4012 1404 4070 circuere
1427 4010 1504 4092 loyes
1527 4010 1614 4091 laesor
1637 4001 1811 4076 Nazariani
1834 4012 1887 4077 illi

260 4126 509 4190 substituuntur
532 4128 660 4188 orulcret
682 4128 759 4209 lepos
781 4127 868 4208 nefus
891 4126 986 4211 plane
1008 4126 1162 4211 ineptum,
1188 4126 1264 4194 item
1280 4128 1365 4193 Flor.
1385 4132 1415 4209 2,
1436 4131 1466 4211 7,
1489 4132 1527 4192 10
1543 4157 1585 4183 =
1600 4130 1686 4195 Iord.
1705 4153 1737 4216 p.
1756 4135 1806 4211 26,
1828 4135 1882 4217 31,

263 4245 316 4310 uhi
340 4246 453 4309 Florus
476 4245 604 4331 scripsit
625 4245 738 4326 Aoum,
771 4246 972 4311 Nazarianus
994 4246 1184 4312 haustuum
1207 4248 1322 4313 leviter
1343 4255 1540 4334 corruptum,
1576 4251 1824 4334 Bambergensis
1854 4259 1888 4317 et

263 4364 417 4430 Iordanes
447 4366 616 4431 lectionem
644 4365 867 4449 interpolatam
892 4368 1048 4449 scr-(olum.
1096 4366 1291 4432 econtrario
1315 4388 1438 4434 errores
1460 4370 1493 4435 in
1515 4371 1697 4436 Nazariano
1725 4371 1888 4438 admissos

264 4485 340 4550 item
363 4485 449 4569 apud
472 4486 640 4551 Iordanem
664 4485 767 4550 redire
790 4485 922 4550 Iahnius
945 4508 977 4571 p.
1000 4486 1080 4551 XIII
1103 4487 1129 4552 si
1154 4487 1231 4569 quid
1253 4487 1346 4553 video
1368 4511 1430 4554 non
1454 4496 1538 4555 reete
1562 4492 1741 4574 contendit,
1775 4499 1810 4557 ut
1831 4493 1889 4560 nbi

266 4605 467 4670 consentiant
487 4606 571 4671 inter
593 4625 628 4669 se
643 4605 797 4671 Iordanes
812 4611 845 4670 et
859 4605 1068 4686 Nazarianns,
1095 4607 1343 4690 Bambergensis
1365 4608 1461 4674 leetio
1482 4611 1669 4678 anctoritate
1684 4613 1888 4680 destituatur.

267 4746 325 4790 nee
354 4726 476 4807 magis,
509 4725 541 4791 ui
573 4725 685 4805 fallor,
704 4724 780 4804 ,loci
808 4725 1027 4804 inveniuntur,
1062 4726 1116 4791 uhi
1136 4727 1223 4792 Flori
1252 4729 1324 4794 libri
1354 4730 1418 4794 duo
1445 4731 1586 4797 insalsa
1614 4733 1724 4816 aliqua
1752 4734 1892 4801 lectione

267 4845 415 4927 graviore
438 4845 620 4929 conspirent
643 4851 751 4910 contra
773 4845 938 4910 Iordanem
950 4848 1000 4928 ⁵³),
1031 4866 1102 4912 curn
1124 4846 1232 4912 adsint
1254 4849 1359 4933 pauci,
1385 4850 1440 4915 uhi
1462 4871 1539 4916 vera
1561 4853 1653 4918 lectio
1676 4854 1763 4939 apud
1785 4855 1893 4920 solum

270 4965 437 5052 Iordanem
460 4965 620 5030 invenitur
642 4965 768 5031 diverse
791 4973 938 5051 corrupta
959 4967 1046 5050 apud
1068 4968 1213 5048 Florum,
1249 4975 1284 5034 ut
1304 4971 1390 5034 Flor.
1412 4976 1439 5052 1,
1459 4977 1489 5052 5,
1509 4975 1528 5035 2
1550 5002 1593 5028 =
1615 4975 1700 5039 Iord.
1726 4997 1757 5060 p.
1780 4978 1830 5057 12,
1853 4981 1893 5041 19

273 5141 300 5147 .-
315 5142 420 5148 —-·.--
427 5143 496 5150 ——0-
502 5143 593 5149 ---.-
600 5144 609 5148 -
615 5143 682 5149 --.-

360 5242 402 5303 53)
424 5244 485 5291 Nam
504 5245 677 5292 hrrinscemodi
695 5257 833 5293 consensus
851 5247 966 5306 exempla
985 5259 1048 5306 qnae
1066 5247 1168 5295 IahnIns
1186 5250 1265 5310 prael.
1286 5265 1311 5312 p.
1327 5249 1387 5297 Vlll
1407 5250 1545 5312 composuit
1563 5257 1606 5298 aut
1623 5253 1682 5300 talis
1700 5259 1774 5313 sumt,
1799 5259 1827 5302 nt
1845 5255 1897 5306 duo

273 5328 368 5377 librarii
387 5329 458 5376 icelle
476 5332 503 5377 in
522 5331 628 5377 errudem
648 5344 753 5378 errorem
773 5345 818 5378 sua
836 5338 925 5393 sponte
944 5332 1054 5379 incidere
1072 5335 1208 5396 potuerint,
1231 5343 1258 5382 nt
1277 5336 1342 5383 l'lor.
1365 5336 1388 5398 1,
1409 5336 1432 5396 l,
1454 5335 1470 5384 9
1487 5339 1644 5386 anitentibus
1665 5341 1712 5398 (vel
1731 5341 1893 5407 mortalibus)

273 5413 353 5461 sedem
371 5435 402 5457 =
424 5416 487 5463 lord.
510 5430 534 5475 p.
557 5414 596 5469 13,
618 5416 651 5464 20
668 5418 825 5464 molientr‘bar
843 5417 923 5474 edem,·
944 5418 1007 5468 llor.
1031 5417 1053 5481 1,
1074 5418 1098 5480 a,
1121 5420 1135 5468 2
1154 5436 1251 5468 tranum
1270 5442 1300 5463 =
1319 5422 1383 5471 lord.
1405 5437 1431 5483 p.
1450 5422 1488 5483 11,
1507 5423 1536 5472 11
1555 5440 1678 5486 nanuum,
1699 5432 1743 5474 ant
1761 5428 1837 5490 salsa3
1859 5431 1897 5478 ita

275 5499 339 5549 Flet.
363 5498 386 5561 1,
408 5500 432 5558 7,
453 5498 468 5548 8
488 5522 518 5543 =
539 5502 601 5551 lord.
622 5518 646 5564 p.
664 5502 702 5564 13,
728 5503 757 5552 18
775 5519 813 5550 rer
832 5506 904 5552 utin
925 5505 1009 5553 Ilamb.
1031 5511 1056 5553 et
1074 5507 1133 5555 Naz.
1155 5507 1190 5553 lta
1208 5508 1273 5566 apnd
1294 5509 1420 5555 Iordanem
1439 5523 1538 5571 qnoque
1557 5513 1648 5572 legitur
1666 5515 1766 5560 omuhro
1784 5515 1898 5565 rctIncn·

275 5588 350 5649 dum,
370 5587 524 5636 relelendnm
543 5596 625 5637 arrtem
643 5606 686 5638 m
704 5591 769 5652 quod
789 5605 820 5637 ex
839 5593 961 5639 ‹lateriorc
980 5594 1084 5653 quodam
1103 5594 1166 5640 llbro
1186 5594 1296 5640 Iordanis
1316 5595 1418 5643 Iahnius
1436 5597 1549 5646 adscivit.
1764 5640 1779 5673 κ
