4246 6082
874 326 1101 383 ruoouulvn.
1691 327 1799 392 LXIX

266 553 455 619 Ruvsnusrs
479 554 611 618 membr.
637 553 692 618 tol.
719 571 804 617 succ.
830 551 917 633 XIV,
943 551 1018 616 olim
1042 551 1192 616 abbatiae
1220 551 1253 615 S.
1278 552 1399 617 Mariae
1429 551 1470 617 de
1493 552 1596 617 Dunis
1622 554 1794 637 (Terduyn)

176 693 277 758 prope
300 675 449 757 Brugnm,
475 674 539 738 iam
563 675 690 757 Brugae
713 679 762 738 est
782 673 815 736 in
838 671 1027 754 seminario,
1053 672 1108 738 uhi
1130 692 1203 737 eum
1225 671 1358 738 contulit
1380 672 1560 738 Bethmann
1582 673 1798 756 iudicavitque

176 813 216 858 ex
240 793 351 859 eodem
374 793 456 859 libro
479 794 683 879 descriptum,
710 812 750 857 ex
773 812 836 875 quo
859 791 947 857 venit
969 791 1197 857 Berolinensis.

116 901 118 905 ’
262 917 565 979 Succurronnrnusr
587 913 802 980 bibliothecae
826 932 919 995 quern
941 912 1057 977 librum
1079 911 1187 977 intulit
1208 912 1278 977 Ioh.
1305 911 1403 978 Gahr.
1425 913 1663 998 Sparwenfeldt
1689 915 1799 998 (Lilia-

176 1035 253 1100 hlad
275 1042 336 1100 cat.
362 1035 435 1100 libr.
461 1054 537 1100 mss.
563 1034 680 1117 quibus
702 1033 781 1099 bibl.
815 1033 936 1116 regiam
964 1032 1180 1097 Holmiensem
1209 1033 1300 1099 auxit
1325 1033 1352 1097 I.
1378 1033 1417 1097 G.
1444 1034 1692 1118 Sparwenfeldt.
1720 1036 1798 1102 Hol-

176 1155 260 1220 miae
286 1158 377 1219 17116.
406 1156 464 1237 4.),
491 1175 563 1221 eum
587 1153 762 1240 specimine
785 1158 910 1237 sumpto
934 1151 1009 1216 huic
1030 1152 1133 1217 ordini
1155 1151 1353 1218 adiudioavit
1375 1154 1604 1220 Bethmannus.

262 1275 505 1341 Grunnvnusrs
528 1274 659 1360 capituli
681 1274 943 1339 membranaceus
966 1271 1022 1337 fol.
1048 1291 1133 1337 saec.
1152 1272 1212 1336 XV
1228 1273 1384 1354 exeuntis,
1411 1274 1461 1340 cui
1483 1275 1517 1338 in
1540 1275 1603 1340 line
1625 1275 1798 1360 adscripsit

175 1395 261 1460 idem
284 1395 433 1461 librarius
456 1395 551 1460 haec:
587 1396 663 1461 ‘hoc
684 1394 833 1459 volumen
855 1392 1052 1477 comparavit
1074 1392 1219 1477 Raphael
1243 1391 1284 1458 de
1306 1394 1501 1460 Marcatellis
1525 1395 1577 1460 dei
1601 1397 1705 1478 gratia
1727 1398 1797 1480 epi-

181 1519 312 1599 ‘scopus
343 1515 497 1581 Rosensis
526 1516 627 1581 abbas
656 1515 689 1580 S.
716 1513 855 1579 Bavonis
877 1512 967 1577 iuxta
989 1510 1181 1577 Gandavum
1203 1534 1233 1577 a.
1261 1513 1292 1577 d.
1324 1517 1430 1597 1492’,
1463 1515 1601 1582 continet
1632 1517 1795 1582 historiam

173 1637 350 1701 naturalem
384 1636 571 1702 animalium
604 1656 674 1700 cum
705 1633 831 1718 liguris,
865 1631 1010 1698 Iordanis
1040 1631 1167 1714 Getica,
1200 1633 1353 1698 Iohannis
1384 1635 1424 1700 de
1453 1635 1598 1701 'l'hurocz
1628 1637 1796 1703 chronicon

173 1757 369 1839 hungariae,
396 1757 512 1840 Rogeri
535 1776 663 1823 carmen
686 1754 727 1820 dc
749 1753 965 1820 destructione
981 1753 1177 1836 Hungariae‚
1204 1755 1331 1819 Aeneae
1347 1755 1440 1820 Silvii
1463 1756 1630 1851 historiam
1646 1757 1795 1822 Bolremi-

172 1898 256 1942 cam.
304 1877 467 1962 specimen
488 1877 658 1944 lectionum
681 1874 821 1941 enotavit
842 1874 1038 1952 Bethmann;
1066 1872 1161 1937 huius
1183 1872 1305 1938 ordinis
1327 1882 1385 1953 est
1413 1874 1472 1942 sed
1494 1876 1627 1943 inutilis.

258 1996 409 2062 Eiusdem
433 1997 553 2063 ordinis
575 1996 647 2062 libri
670 2000 956 2062 commemorantur
977 1993 1029 2058 hi:

259 2118 508 2184 Bennunnnusrs
530 2133 739 2183 uonnsunsn
761 2136 791 2180 a.
820 2115 902 2178 1538
925 2112 1096 2196 descripsit
1117 2111 1280 2178 Lelandus
1303 2114 1427 2181 collect.
1453 2119 1488 2199 3‚·
1510 2119 1550 2181 68
1575 2118 1637 2182 sic:
1675 2120 1793 2184 ‘Chro-

176 2240 286 2304 ‘nicon
308 2239 454 2305 Iordanis
484 2238 625 2324 episcopi
648 2234 904 2301 Ravennatensis
926 2233 1101 2316 integrum:
1137 2233 1355 2317 praefiguntur
1378 2235 1530 2302 historiae
1552 2239 1680 2304 nomina
1702 2247 1794 2304 auto

174 2363 271 2441 ‘rum
298 2381 429 2442 quorum
453 2358 632 2425 testimonio
655 2374 733 2422 usus
755 2362 814 2437 est,
840 2354 926 2420 etin
948 2353 1010 2419 fine
1033 2360 1180 2418 recenset
1201 2355 1330 2420 nomina
1352 2357 1556 2422 barbararum
1579 2359 1731 2441 gentium
1758 2360 1794 2425 id

176 2485 242 2545 ‘est
264 2482 453 2566 populorum
477 2478 680 2544 Germaniae.
719 2475 920 2542 Itinerarium
936 2472 1088 2538 Antonini
1110 2494 1268 2557 maneum,
1295 2475 1327 2540 in
1349 2496 1412 2558 quo
1436 2478 1515 2542 nihil
1539 2480 1579 2544 de
1599 2480 1789 2545 Britannia'.

258 2599 549 2666 Oauuvnurnusnu
587 2598 702 2664 librum
742 2601 799 2661 ‘er
833 2594 970 2678 quodam
1000 2594 1136 2676 registro
1168 2593 1236 2659 sive
1268 2595 1374 2661 indice
1408 2597 1623 2664 bibliothecae
1653 2600 1793 2666 01111111-

191 2725 318 2788 rrensrs’
342 2722 428 2787 rdem
444 2719 607 2786 Lelandus
624 2718 746 2784 eolleet.
766 2719 796 2798 3,
819 2718 877 2778 120
892 2719 1038 2780 recenset
1054 2712 1116 2778 sio:
1148 2713 1322 2780 ‘Chronica
1336 2717 1482 2782 Iordanis
1505 2719 1649 2804 episcopi
1664 2721 1791 2785 Raven-

174 2846 298 2907 ι11111111.
345 2840 504 2906 derebus
527 2840 628 2923 gestis
651 2838 850 2903 Gotthorum.
897 2832 1099 2900 Itinerarium
1121 2832 1298 2899 Antonini’.

256 2964 312 3027 Su.
339 2960 437 3026 Omns
460 2982 491 3024 n.
515 2963 574 3025 717
600 2959 732 3024 membr.
751 2977 836 3023 saec.
854 2955 901 3020 XI
924 2952 1099 3020 secundum
1121 2953 1304 3037 catalogum
1327 2958 1466 3024 continet
1489 2960 1681 3026 continuitve
1697 2981 1790 3046 prae-

169 3083 321 3148 fationem
338 3081 451 3161 Orosii,
478 3081 635 3159 lithicum,
661 3077 808 3143 Iordanis
824 3075 947 3154 Getica,
972 3063 1136 3138 historiam
1157 3073 1358 3158 tripertitam.
1399 3078 1520 3144 Getieis
1542 3081 1784 3163 praescribitur:

173 3203 223 3267 ‘in
253 3201 312 3266 hoe
340 3220 472 3285 corpore
501 3201 678 3266 continetur
707 3197 858 3263 chronica
887 3192 1033 3259 Iordanis
1062 3213 1112 3277 ep.
1139 3194 1220 3257 Rav.
1246 3195 1306 3260 civ.
1332 3195 1372 3262 de
1403 3198 1527 3281 origine
1558 3221 1595 3266 ac
1625 3201 1791 3266 vocabulis

163 3301 295 3405 '‘gentia
311 3321 481 3386 Gothorum
504 3318 614 3386 aedita
636 3319 679 3384 ad
696 3317 902 3389 Castalium';
929 3312 988 3379 sed
1010 3312 1150 3377 maxima
1172 3332 1247 3396 pars
1269 3335 1377 3381 eorum
1400 3319 1545 3385 abscissa
1566 3341 1606 3386 ex
1629 3321 1789 3387 volumine

170 3443 265 3508 hodie
288 3440 500 3508 desideratur.

253 3733 301 3798 De
325 3733 489 3799 codicibus
510 3733 674 3812 Iordanis,
700 3754 830 3817 quorum
854 3757 894 3802 ne
917 3738 1059 3805 ordinem
1081 3739 1210 3824 quidem
1233 3737 1445 3804 determinare
1467 3739 1627 3822 potuimus
1649 3738 1700 3803 cui
1728 3738 1788 3803 ad·
1802 3754 1986 3808 liburnorum

168 3853 329 3919 scribendi
350 3854 425 3934 sint,
452 3874 532 3936 quas
554 3854 775 3919 Bethmannus
801 3857 932 3940 collegit
954 3878 1099 3943 quaeque
1121 3868 1288 3945 praeterea
1309 3878 1386 3923 casu
1409 3858 1513 3940 magis
1536 3879 1632 3938 quam
1655 3858 1787 3922 oonsilio

166 3981 391 4040 succreverunt
411 3973 633 4056 indicationes,
660 3975 719 4039 hoc
741 3975 810 4041 loco
832 3979 994 4061 composui
1016 3979 1044 4044 si
1066 3999 1128 4044 non
1150 3979 1193 4044 ad
1215 3979 1321 4059 crisin,
1347 3978 1483 4043 fortasse
1505 3976 1548 4042 ad
1562 3977 1628 4042 alia
1644 3977 1788 4060 quando-

167 4111 228 4174 que
250 4094 344 4159 utilia
366 4094 483 4159 futura.

214 4266 216 4271 s
253 4215 349 4279 Liber
374 4215 555 4279 ‘cuiusdam
578 4215 618 4280 de
640 4215 743 4298 gestis
758 4216 948 4283 Gothorum'
971 4218 1024 4301 qui
1048 4219 1141 4284 Bohii
1163 4219 1225 4285 fuit
1247 4217 1423 4284 secuudum
1446 4220 1627 4302 catalogum
1650 4238 1736 4284 saec.
1756 4221 1787 4283 X

168 4333 329 4415 (Muratori
364 4341 444 4399 antt.
469 4334 543 4400 Ital.
577 4338 596 4400 3
626 4355 658 4420 p.
691 4337 762 4418 819)
798 4357 873 4401 num
903 4337 999 4404 fuerit
1027 4339 1190 4422 Iordanis,
1223 4360 1335 4424 parum
1365 4345 1499 4404 constat.
1546 4339 1579 4403 in
1609 4339 1786 4405 inventario

165 4473 197 4517 a.
226 4458 302 4518 1461
330 4475 392 4520 non
415 4461 586 4539 comparet.

250 4573 413 4639 Cameraci
442 4576 478 4639 in
507 4575 540 4639 S.
567 4575 731 4641 Benedicti
759 4578 848 4656 (teste
871 4576 1013 4644 Sandero
1044 4580 1122 4644 bibl.
1149 4580 1241 4662 Belg.
1269 4583 1298 4662 ’2,
1322 4581 1373 4664 27)
1400 4581 1588 4646 servabatur
1622 4581 1785 4646 ‘Iordanis

168 4694 319 4760 ‘historia
341 4694 494 4760 Getarum
517 4695 600 4760 liber
621 4699 729 4761 unus'.
771 4697 817 4761 ihi
838 4697 904 4761 iam
926 4718 989 4763 non
1012 4706 1111 4765 extat.

249 4815 358 4881 Casini
379 4815 463 4881 inter
484 4816 661 4899 volumina,
687 4837 770 4900 quae
794 4817 981 4884 Desiderius
1003 4820 1105 4884 abhas
1126 4827 1210 4901 tum,
1244 4828 1357 4905 postea
1378 4843 1409 4885 a.
1439 4824 1520 4887 1086
1543 4843 1628 4906 papa
1658 4830 1784 4886 oreatus

163 4935 259 5000 scribi
280 4935 383 5017 iussit,
411 4935 584 5002 secundum
607 4937 735 5002 Petrum
766 4937 932 5003 diaconum
955 4940 1014 5023 111,
1041 4944 1081 5005 63
1111 4940 1173 5006 fuit
1202 4962 1265 5024 quo
1294 4942 1513 5007 continebatur
1546 4942 1694 5007 ‘historia
1716 4943 1785 5007 Ior-

167 5054 278 5120 ‘danis
301 5054 505 5141 episcopide
527 5056 679 5121 Romanis
702 5064 735 5123 et
756 5057 896 5123 Gothis'.

162 5369 256 5414 euoluit
276 5393 310 5401 —
328 5368 343 5414 o
362 5371 472 5415 tarnenao
491 5394 523 5402 -
545 5367 575 5415 lo
592 5376 692 5418 exeunte
711 5396 744 5406 -
765 5368 794 5418 12
813 5385 864 5418 csse
881 5385 929 5421 om.
950 5400 982 5407 -
1004 5371 1034 5420 15
1053 5369 1147 5439 mareu]
1164 5379 1262 5421 mutum
1280 5401 1313 5409 -
1331 5389 1415 5423 curum
1433 5403 1467 5411 —
1485 5376 1616 5423 tlrotorneuo
1634 5404 1668 5412 -
1689 5377 1719 5426 lo
1732 5378 1782 5438 sri-

161 5469 207 5515 pus
225 5480 259 5488 —
279 5453 309 5502 lb
328 5457 407 5502 lucem
424 5454 518 5503 claram
535 5482 570 5490 —
587 5472 611 5519 p.
634 5456 681 5524 59,γ
692 5455 709 5531 Ι1
730 5460 845 5505 circuisse
868 5484 902 5491 —
925 5456 982 5523 pue]
1000 5463 1041 5521 qui
1064 5487 1099 5496 —
1116 5459 1140 5508 '4
1159 5460 1264 5520 thoriupi
1281 5488 1316 5497 —
1339 5459 1354 5509 8
1373 5461 1459 5509 bullim
1476 5487 1510 5495 —
1528 5462 1544 5512 9
1562 5477 1614 5510 uuo
1630 5465 1735 5524 planitie
1752 5480 1782 5512 uc

162 5539 255 5599 fertiles
272 5566 306 5576 -
327 5539 357 5588 lo
375 5540 474 5587 uhtlmil
491 5548 556 5589 recte
573 5569 608 5577 —
627 5541 655 5590 11
676 5545 748 5591 nitati
767 5569 797 5579 -
816 5547 890 5592 acels
907 5570 942 5578 -
963 5544 992 5592 12
1010 5550 1033 5592 ct
1045 5542 1093 5612 hia]
1105 5550 1127 5592 et
1140 5545 1207 5594 utta
1227 5573 1258 5581 -
1276 5550 1415 5596 samsurico
1431 5552 1557 5609 rupuarlci
1574 5575 1608 5583 —
1628 5548 1657 5597 11
1678 5553 1782 5610 repetitio

161 5654 196 5663 -
213 5641 238 5688 p.
259 5626 302 5688 60,
324 5625 334 5674 1
355 5629 459 5673 nimiam
474 5628 643 5687 precatuum
662 5627 722 5675 -2
740 5628 855 5688 ntpnudai
875 5655 903 5667 -
923 5630 1002 5690 911117
1018 5657 1052 5666 -
1069 5634 1154 5680 roualt
1171 5658 1204 5667 -
1223 5632 1237 5680 ³
1256 5632 1383 5694 1011111-
1401 5634 1416 5682 1
1434 5638 1555 5696 muitum
