4246 6082
243 265 367 334 ΙᾸΧΠ
935 266 1164 325 Puoosrssvn.

242 513 322 574 quos
346 502 493 559 auctores
522 493 564 559 ad
594 513 708 559 manus
731 493 864 574 fuerint,
897 494 1033 576 singulis
1063 492 1190 577 paginis
1221 492 1407 575 subscripsi.
1455 493 1607 577 plagulae
1630 491 1808 576 impressae
1832 500 1865 559 et

240 613 361 678 Romae
384 615 494 679 curavi
516 623 551 679 ut
572 615 677 679 denuo
699 622 998 697 recognoscerentur
1019 612 1061 678 ad
1085 613 1182 677 libros
1208 613 1380 677 Vaticanos
1403 613 1484 677 duos
1507 612 1687 676 Palatinum
1715 621 1747 678 et
1772 612 1863 678 Otto-

241 732 412 798 bonianum
436 735 559 818 etipse
583 735 696 799 iterum
720 735 820 816 relegi
843 735 885 799 ad
908 735 1006 799 libros
1028 753 1108 815 quos
1137 733 1222 797 domi
1253 733 1409 797 habebam
1433 732 1738 815 Heidelbergensem
1765 734 1863 798 Bres-

239 852 416 918 laviensem
440 854 736 937 Cantabrigiensem
759 854 1009 919 Berelinensem.
1061 874 1123 937 quo
1153 853 1237 917 facto
1260 857 1341 916 com
1361 852 1422 917 hoc
1450 852 1527 917 mibi
1553 852 1666 918 videar
1687 853 1861 919 adsecutus

240 993 324 1051 esse,
352 980 388 1039 ut
403 994 525 1038 errores
540 974 573 1037 in
588 974 711 1039 variam
724 973 891 1040 lectionem
906 974 999 1058 pauci
1016 993 1051 1038 se
1066 974 1267 1055 insinuarint,
1293 972 1387 1037 simul
1403 972 1623 1037 infelicissimo
1638 993 1714 1038 casu
1730 973 1858 1056 accidit,

239 1101 274 1158 ut
297 1093 423 1159 funesto
446 1093 612 1175 incendio,
644 1094 729 1176 quod
751 1095 894 1178 proximo
916 1115 1000 1159 anno
1029 1093 1145 1158 accidit
1167 1093 1278 1177 paucis
1301 1092 1414 1157 diebus
1443 1100 1515 1176 post
1544 1093 1723 1157 absolutam
1753 1101 1861 1159 textus

239 1213 493 1297 impressionem,
520 1235 677 1279 unacum
701 1215 793 1280 domo
815 1235 888 1280 mea
909 1221 1056 1298 quattuor
1077 1215 1126 1278 illi
1150 1214 1222 1278 libri
1244 1213 1301 1278 toti
1325 1220 1448 1278 etcum
1473 1212 1524 1276 his
1554 1213 1672 1278 maiore
1703 1233 1744 1277 ex
1769 1223 1861 1298 parte

239 1333 496 1398 Vindobonensis
518 1354 550 1397 n.
577 1337 638 1398 203
661 1335 837 1399 interirent.

323 1454 372 1517 Ex
394 1454 528 1532 iudicio,
563 1455 648 1536 quod
677 1455 718 1520 de
749 1455 883 1537 singulis
912 1455 1002 1519 libris
1032 1454 1232 1538 singulisque
1263 1475 1369 1519 eorum
1400 1453 1628 1535 ordinibusque
1658 1473 1755 1537 supra
1784 1455 1856 1535 tuli,

237 1571 390 1654 eflicitur,
423 1594 503 1656 quas
534 1574 625 1656 leges
654 1575 687 1638 in
717 1574 916 1638 Iordanianis
946 1574 1153 1639 recensendis
1183 1581 1309 1639 secutus
1340 1574 1416 1655 sim,
1452 1573 1574 1638 Geticis
1604 1573 1736 1639 scilicet.
1783 1595 1857 1639 nam

236 1692 269 1756 in
291 1692 443 1757 Romanis
465 1713 536 1758 cunr
558 1700 685 1778 praeter
707 1703 857 1779 excerpta
879 1694 1182 1760 Cheltenbamensia
1203 1714 1265 1758 non
1288 1694 1396 1758 adsint
1419 1694 1480 1758 nisi
1504 1694 1596 1777 primi
1622 1694 1742 1759 ordinis
1771 1695 1855 1772 libri,

236 1832 287 1877 res
310 1813 416 1877 facilis
438 1821 488 1878 est
509 1821 543 1879 et
564 1815 726 1900 expedita.
770 1815 953 1880 Geticorum
975 1836 1046 1880 cum
1070 1822 1134 1879 tres
1155 1813 1284 1879 ordines
1306 1814 1459 1879 librorum
1490 1814 1666 1899 supersint,
1699 1834 1857 1896 quaenam

235 1933 388 2015 cuiusque
404 1953 511 1998 eorum
528 1935 701 2000 auctoritas
717 1935 769 2015 sit,
791 1956 909 2020 anceps
926 1935 1070 2018 quaestio
1086 1941 1136 2000 est
1150 1935 1371 2022 eoqueumagis
1385 1935 1550 2018 implicita,
1569 1933 1655 2015 quod
1670 1935 1703 1998 in
1719 1935 1858 2017 singulis

234 2052 400 2118 ordinibus
422 2054 563 2118 codicum
588 2055 731 2120 condicio
753 2054 924 2120 admodum
948 2056 1058 2140 dispar
1079 2062 1138 2120 est.
1180 2054 1333 2119 Iordanes
1356 2075 1426 2119 cum
1450 2054 1615 2138 scripserit
1635 2073 1673 2118 eo
1695 2072 1853 2135 sermone,

234 2192 296 2254 quo
317 2180 392 2236 tuno
410 2174 506 2257 vulgo
529 2176 708 2254 utebantur,
735 2175 914 2240 soloecismi
937 2175 1007 2240 eius
1030 2196 1092 2239 non
1114 2184 1179 2239 tam
1197 2175 1351 2257 aequales
1372 2174 1578 2239 offendebant
1600 2194 1694 2256 quam
1710 2182 1856 2258 posteros

234 2292 372 2358 imbutos
395 2293 492 2358 medii
508 2295 581 2359 aevi
604 2295 795 2361 scholastica
818 2295 969 2360 doctrina.
1016 2303 1186 2380 propterea
1208 2296 1307 2359 multo
1329 2294 1434 2377 magis
1455 2315 1550 2376 quam
1573 2293 1687 2377 reliqui
1709 2302 1857 2359 auctores

234 2414 522 2494 grammatistarum
553 2415 623 2480 eius
645 2414 760 2479 aetatis
790 2417 1045 2481 emendationem
1075 2416 1189 2496 subiit,
1222 2413 1411 2499 procedente
1441 2421 1582 2498 tempore
1611 2421 1646 2480 ut
1672 2415 1794 2479 civilior
1824 2424 1857 2481 et

232 2533 417 2613 humanior,
452 2536 497 2599 ita
527 2535 576 2599 sui
607 2536 711 2618 magis
741 2535 908 2601 dissimilis
937 2535 1090 2603 evadens.
1137 2537 1178 2601 ab
1206 2536 1266 2600 bae
1295 2534 1542 2618 interpolatione
1570 2534 1728 2601 immunes
1760 2557 1855 2600 man-

234 2660 342 2719 serunt
371 2655 431 2719 soli
461 2656 524 2720 duo
546 2655 621 2720 libri
642 2656 925 2739 Heidelbergensis
948 2657 1069 2721 saeculi
1097 2656 1201 2721 octavi
1224 2662 1256 2720 et
1278 2655 1444 2719 Palatinus
1465 2654 1558 2735 noni,
1592 2655 1714 2721 scilicet
1737 2656 1765 2721 si
1787 2657 1855 2741 pri-

232 2795 316 2838 mam
332 2795 460 2839 manum
479 2776 676 2859 respicimus,
703 2797 778 2840 nam
801 2777 993 2860 posteriores
1016 2776 1239 2842 emendatores
1254 2776 1311 2839 hos
1326 2796 1450 2858 quoque
1465 2774 1662 2839 invaserunt.
1700 2775 1853 2840 modestis

231 2894 346 2959 finibus
369 2916 439 2960 eam
462 2896 662 2960 admiserunt
683 2897 736 2977 qui
754 2897 954 2981 scripserunt
973 2897 1282 2962 Valeneiennensem
1306 2896 1435 2960 saeculo
1457 2915 1539 2959 nono
1562 2902 1593 2959 et
1614 2895 1738 2960 decimo
1760 2895 1853 2961 Otto-

229 3016 418 3095 bonianum3
446 3017 510 3080 late
529 3023 676 3098 grassata
698 3023 748 3081 est
770 3018 811 3081 ab
833 3016 1001 3081 undecimo
1022 3016 1098 3082 inde
1121 3017 1262 3099 saeculo,
1288 3016 1456 3081 dominans
1477 3015 1510 3078 in
1526 3015 1740 3079 Laurentiano
1755 3016 1854 3082 Bres-

230 3135 366 3200 laviensi
393 3136 596 3200 Atrebatensi
626 3136 884 3218 cantabrigiensi
912 3136 1112 3203 Berolinensi
1145 3137 1284 3219 itemque
1317 3136 1349 3200 in
1377 3136 1511 3219 reliquis
1540 3157 1561 3200 a
1590 3135 1681 3200 nobis
1711 3136 1848 3201 omissis.

229 3255 364 3336 accedit,
390 3254 477 3337 quod
497 3256 521 3319 ii
542 3256 606 3339 ipsi
627 3255 765 3337 codices,
791 3257 908 3338 quibus
927 3256 1167 3339 grammatistae
1189 3264 1409 3341 pepercerunt,
1435 3255 1720 3339 Heidelbergensis
1742 3262 1774 3322 et
1789 3258 1854 3322 Pa-

230 3375 351 3439 latinus
372 3375 448 3439 item
476 3376 575 3459 probe
606 3382 639 3440 et
668 3376 818 3457 religiose
841 3376 948 3460 scripti
972 3384 1061 3455 sunt,
1095 3397 1165 3441 oum
1188 3376 1418 3441 Ottobonianus
1440 3383 1546 3441 aetate
1569 3376 1609 3440 iis
1630 3397 1694 3440 non
1716 3377 1852 3442 multam

229 3495 360 3560 inferior·
381 3515 485 3577 neque
510 3515 703 3579 magnopere
724 3470 935 3579 interpolatus
957 3518 978 3560 a
1000 3496 1129 3561 librario
1151 3497 1261 3561 veniat
1290 3496 1584 3579 neglegentissimo.
1639 3504 1772 3562 eatenus
1802 3498 1851 3562 illi

229 3614 292 3679 duo
323 3615 395 3679 libri
427 3615 487 3680 soli
512 3615 755 3681 fundamentum
778 3616 1009 3698 praebuerunt,
1043 3617 1157 3699 quibos
1180 3624 1247 3681 tuto
1270 3616 1500 3682 insisteremus.
1548 3625 1581 3681 at
1610 3617 1637 3680 si
1663 3617 1852 3700 respicimus

228 3755 299 3799 eam
323 3736 467 3800 lectionis
491 3736 720 3818 diversitatem,
747 3757 829 3819 quae
852 3756 914 3801 uon
934 3737 975 3802 ab
997 3736 1239 3821 interpolatione
1261 3736 1471 3819 grammatica
1493 3736 1620 3819 pendet,
1647 3744 1768 3802 tantum
1792 3739 1852 3804 ab·

230 3864 288 3936 est,
316 3862 350 3920 ut
372 3857 494 3940 primae
517 3858 631 3923 classis
653 3857 855 3942 privilegium
879 3858 921 3922 ad
944 3876 1015 3921 eam
1037 3857 1114 3922 item
1136 3857 1311 3942 perveniat,
1339 3864 1373 3921 ut
1395 3856 1541 3938 fortasse,
1568 3857 1595 3921 si
1611 3856 1763 3922 adessent
1777 3858 1851 3922 libri

228 3976 360 4040 secundi
383 3985 415 4041 et
436 3978 531 4042 etiam
554 3979 659 4062 magis
681 3978 765 4042 tertii
788 3977 908 4043 ordinis
930 3998 989 4042 sua
1010 3977 1152 4043 bonitate
1174 3977 1337 4041 Palatinos
1359 3984 1544 4060 aequantes,
1570 3997 1627 4041 eos
1648 3977 1850 4061 potissimum

226 4117 304 4181 prae
338 4097 389 4160 his
419 4117 633 4180 sequeremur.
682 4119 755 4162 nam
786 4106 920 4164 stemma
949 4098 1109 4178 codicum,
1146 4098 1231 4181 quod
1260 4119 1300 4162 ex
1330 4118 1426 4182 supra
1454 4097 1567 4180 positis
1600 4097 1753 4176 eflicitur,
1791 4099 1850 4164 hoc

227 4219 297 4284 fere
320 4228 384 4284 est:

862 4373 1046 4443 archetypum
1065 4389 1209 4428 commune

536 4511 718 4579 archetypum
737 4511 864 4563 ordinum
1208 4511 1389 4580 archetypum
1408 4511 1514 4563 ordinis

570 4580 650 4648 primi
669 4585 699 4631 et
717 4580 834 4632 secundi
1320 4580 1398 4633 tertii

233 4672 694 4689 -—-——-——-—a
701 4672 1165 4698 ——q

226 4719 410 4787 archetypum
428 4718 534 4771 ordinis
864 4717 1045 4786 archetypum
1065 4719 1172 4771 ordinis

339 4788 420 4854 primi
960 4787 1075 4840 secundi

227 4869 527 4902 ¹a---—-v'—·—---
922 4868 1120 4905 ’.ι-ἰὴ
1252 4869 1470 4905 μ---ινΝι-ι-ι.ς

225 4925 530 4978 HPVL
914 4923 1464 4978 SOB¹XYZ

318 4993 344 5116 l

225 5200 306 5265 baec
328 5201 355 5265 si
379 5208 463 5265 recte
485 5198 661 5284 posuimus,
688 5200 789 5264 libera
811 5200 924 5265 electio
947 5206 997 5265 est
1020 5220 1083 5263 non
1107 5200 1209 5264 solum
1232 5200 1296 5282 ibi,
1322 5199 1376 5263 ubi
1398 5207 1463 5264 tres
1488 5198 1616 5263 ordines
1639 5197 1842 5284 dissentiunt,

225 5322 284 5386 sed
305 5321 350 5385 ibi
373 5342 508 5403 quoque,
535 5321 589 5385 ubi
612 5322 653 5384 ab
677 5341 740 5384 una
761 5326 851 5404 parte
874 5327 959 5385 stant
974 5322 1184 5384 llPVLASOB
1198 5326 1308 5385 eontra
1323 5323 1411 5381 ult.-
1434 5340 1453 5384 e
1476 5320 1631 5384 contrario
1654 5319 1846 5402 ubicumque

224 5448 280 5507 aut
303 5442 507 5504 llPVLAll'Z
528 5448 613 5505 stant
636 5447 745 5505 contra
760 5444 838 5503 SOB
852 5446 908 5503 aut
931 5446 1083 5503 Sostra
1102 5448 1211 5505 contra
1227 5442 1366 5519 ΗΜΛ,
1393 5440 1508 5503 classis
1530 5440 1672 5504 solitaria
1694 5440 1841 5506 vincitur.

225 5561 283 5628 sed
307 5561 341 5627 id
371 5562 417 5627 ita
446 5562 688 5646 temperandum
719 5569 784 5643 est,
819 5568 853 5624 ut
881 5560 1133 5644 interpolationis
1160 5568 1192 5625 et
1222 5559 1453 5624 emendationis
1484 5560 1621 5644 suspicio
1649 5580 1844 5644 quamquam
