4246 6082
991 304 1159 363 ROMANA.
1793 314 1830 375 51

209 494 391 561 crudelitati
421 496 529 560 navali
559 497 662 561 classe
693 495 847 561 aSiciiia
876 496 1019 576 solvens,
1051 517 1107 581 per
1129 497 1265 579 Tyrreni
1296 497 1393 563 maris
1423 505 1548 564 aestum
1571 500 1713 564 Romano
1742 506 1834 583 portu

209 618 244 662 se
274 599 395 682 recepit
422 599 559 664 statione
587 618 802 681 egressusque
829 599 872 664 ad
894 600 1004 664 urbem
1028 619 1123 682 quam
1146 606 1182 664 ut
1203 600 1396 665 destructam
1420 609 1451 666 et
1473 600 1649 667 desolatam
1674 601 1829 684 adtendit,

208 701 386 780 condoluit,
424 702 617 785 hortansque
651 701 754 766 socios
784 701 828 766 ad
857 702 1091 785 reparationem
1121 709 1229 767 tantae
1259 703 1348 767 urbis
1376 704 1565 786 accingitur.
1612 706 1667 769 ubi
1696 706 1832 770 necdum
1852 705 1908 768 381

208 804 294 868 vallo
310 804 539 888 circumseptus
555 803 707 869 infestum
722 805 887 888 experitur
901 806 1040 870 Totilam
1052 808 1085 886 ¹),
1112 805 1170 869 sed
1186 805 1290 870 solitis
1313 806 1452 870 victoriis
1474 807 1662 891 intrepidus,
1689 809 1835 891 quamvis

208 925 280 970 cum
302 907 414 991 paucis
437 915 548 972 contra
570 928 643 972 eum
666 926 832 989 egressus,
866 908 912 972 sie
935 908 1108 990 effugavit,
1138 909 1268 992 utplus
1290 906 1451 991 fugientes
1474 910 1584 975 Tiberi
1607 910 1867 993 demergerent

208 1015 259 1073 tur
288 1030 383 1093 quam
414 1010 523 1093 gladio
553 1010 714 1075 caderent.
761 1010 901 1092 indeque
929 1010 1072 1074 hortatus
1102 1011 1261 1075 exercitus
1283 1011 1463 1092 regreditur
1485 1013 1647 1094 Siciliam,
1677 1021 1835 1097 quatenus

210 1120 242 1176 et
264 1113 384 1177 Romae
413 1133 560 1178 annonae
590 1112 712 1178 faceret
742 1112 873 1197 cupiam‘
898 1120 930 1178 et
957 1113 1082 1177 vicinus
1110 1113 1154 1178 ad
1176 1113 1292 1179 fretum
1315 1115 1496 1180 Totilanem
1519 1116 1662 1180 turbaret
1682 1117 1715 1180 in
1739 1117 1835 1181 Cam-

210 1215 307 1298 pania
329 1223 586 1282 commorantem.
634 1216 693 1281 sed
721 1223 756 1280 ut
784 1216 925 1297 adsolet,
959 1236 1063 1281 rerum
1096 1217 1228 1281 mutatio
1251 1224 1284 1281 et
1305 1218 1482 1302 principum
1505 1219 1669 1284 voluntate
1692 1219 1832 1284 diversa.

210 1317 387 1400 quiescenti
417 1319 451 1383 in
478 1319 606 1384 domino
628 1319 800 1383 Theodora
822 1320 969 1402 Augusta
998 1328 1148 1384 evocatur
1176 1319 1219 1383 ad
1250 1321 1360 1384 urbem
1390 1321 1573 1386 Belesarius
1603 1321 1645 1387 de
1674 1321 1830 1386 Siciliam.
1852 1325 1914 1386 382

209 1427 283 1502 post
310 1421 403 1486 cuius
432 1421 609 1487 discessum
632 1422 739 1486 Totila
767 1439 898 1486 securus
919 1421 1035 1486 iterata
1057 1421 1146 1486 rabie
1172 1422 1372 1487 tradentibus
1394 1422 1514 1487 Isauris
1536 1424 1660 1488 invadit
1681 1426 1830 1488 Rumam:
1855 1445 1885 1485 rc

209 1529 241 1585 et
264 1523 311 1587 sic
331 1525 468 1607 sumptis
491 1524 631 1606 undique
654 1523 774 1588 viribus
797 1524 989 1607 militarique
1012 1524 1151 1588 vallatus
1175 1524 1296 1588 auxilio
1318 1525 1497 1607 ingreditur
1514 1526 1661 1610 capitque
1676 1527 1832 1590 Siciliam.

49 1645 79 1686 cr.
95 1647 144 1687 aar.
159 1647 197 1688 an
211 1631 321 1689 contra
350 1646 444 1707 quem
475 1626 655 1691 Germanus
684 1626 837 1710 patricius
868 1627 943 1690 dum
973 1627 1060 1691 exire
1093 1626 1233 1709 disponit
1260 1646 1332 1691 eum
1363 1629 1521 1709 exercitu,
1555 1628 1834 1694 Mathesuentham
1853 1634 1915 1696 383

210 1727 400 1793 Theoderici
422 1729 509 1811 regis
531 1736 659 1813 neptem
682 1737 714 1794 et
737 1750 757 1793 a
779 1729 895 1811 Vitigis
917 1737 1040 1793 monuo
1063 1729 1259 1810 derelictam,
1289 1729 1435 1795 tradente
1458 1731 1520 1796 sibi
1542 1730 1685 1814 principe
1708 1731 1740 1795 in
1764 1751 1835 1796 ma-

210 1830 357 1895 trimonio
379 1839 556 1916 sumptam,
589 1832 622 1896 in
645 1831 836 1896 Sardicense
859 1832 1188 1898 civitatecxtremum
1211 1833 1347 1897 halitum
1370 1832 1470 1911 fudit,
1497 1833 1681 1915 relinquens
1703 1853 1834 1899 uxorem

209 1934 395 2015 gravidam,
429 1955 512 2017 quae
542 1940 613 2019 post
643 1935 712 1999 eius
741 1935 861 2000 obitum
891 1942 1073 2019 postumum
1103 1936 1134 2001 ei
1157 1935 1260 2001 edidit
1282 1935 1382 2000 lilium
1406 1936 1595 2017 vocavitque
1618 1936 1832 2002 Germanum:
1855 1962 1885 2001 ¹5

211 2056 275 2117 qua
296 2035 450 2100 felicitate
473 2037 534 2100 sibi
557 2037 664 2101 Totila
685 2045 838 2121 conperta
859 2044 957 2102 totam
981 2058 1063 2122 pene
1085 2038 1246 2103 insultans
1268 2040 1421 2103 Romanis
1444 2039 1592 2104 devastat
1613 2038 1752 2104 ltaliam.

16 2160 84 2201 unc.
99 2162 146 2202 aa.
160 2162 200 2202 aaa
298 2139 408 2203 Africa
436 2160 511 2203 vero
541 2139 703 2204 ablaunis
733 2141 853 2206 dudum
884 2147 1047 2225 perempto
1071 2141 1241 2206 Solomone
1264 2142 1276 2225 ΙΙ
1300 2142 1427 2207 Stotzas
1455 2149 1487 2208 et
1507 2142 1667 2206 Iohannes
1696 2142 1833 2206 invicem
1853 2150 1915 2209 :ist

210 2241 366 2323 singulari
390 2241 561 2306 certamine
584 2249 748 2317 corruunt;
774 2243 922 2324 aliusque
945 2242 1108 2326 Iohannis,
1134 2244 1189 2326 qui
1208 2243 1334 2309 Stotzas
1356 2244 1461 2309 iunior
1483 2244 1658 2326 dicebatur,
1685 2252 1836 2328 suscepta

33 2402 63 2442 cf·
77 2349 196 2442 unffi·
211 2343 381 2428 tyrannide
407 2344 419 2428 ΙΙ
447 2344 624 2409 Guntlraric
645 2366 732 2428 mag.
758 2345 893 2411 militum
916 2365 1024 2411 secum
1048 2346 1174 2434 suadet.
1221 2348 1275 2429 qui
1297 2347 1465 2413 interfecto
1487 2346 1672 2412 hreohinda
1694 2347 1835 2431 iugalem

211 2448 281 2512 eius
309 2453 438 2531 neptem
468 2447 668 2531 imperatoris
697 2447 758 2513 sibi
788 2449 919 2532 cupiens
948 2450 1070 2513 sociare
1100 2450 1306 2532 praevenitur
1334 2451 1376 2515 ab
1398 2451 1571 2515 Artabane.
1619 2450 1773 2532 quicum
1800 2450 1834 2513 in
1855 2476 1886 2516 ro

211 2550 357 2614 convivio
389 2551 581 2615 trucidatum
614 2557 806 2635 neptemque
839 2551 1040 2635 imperaturis
1074 2559 1216 2636 ereptam
1244 2553 1287 2618 ad
1316 2553 1427 2618 urbem
1457 2553 1595 2638 principi
1624 2552 1734 2635 dirigit
1764 2573 1835 2617 cum

211 2653 344 2733 honore,
380 2653 539 2734 simulque
562 2653 675 2718 ferreis
698 2653 833 2718 vinculis
855 2653 1050 2737 conligatum
1073 2655 1103 2719 ei
1125 2661 1296 2738 tyrannum
1325 2655 1499 2721 destinavit
1528 2654 1748 2738 lohannem²],
1783 2654 1837 2737 qui

212 2755 351 2819 Statuam
381 2764 580 2841 peremptum
608 2757 642 2820 in
671 2755 785 2821 eadem
808 2763 1007 2822 successerat
1028 2756 1210 2840 tyrannide.
1258 2778 1352 2841 quem
1374 2759 1407 2823 in
1430 2757 1539 2823 urbem
1562 2757 1745 2840 praefectus
1768 2756 1836 2821 dis·
1855 2766 1916 2827 385>

212 2877 340 2922 cussum
370 2859 581 2942 manibusque
609 2859 779 2939 truncatis,
812 2859 855 2924 ad
884 2860 1067 2944 exemplum
1096 2867 1271 2925 ceterorum
1301 2861 1334 2925 in
1365 2862 1508 2946 patibulo
1537 2860 1616 2925 fixit.
1663 2861 1835 2926 Iohannem

212 2959 329 3025 dehinc
350 2962 518 3044 patricium
541 2962 730 3045 cognomine
752 2963 929 3046 Troglitum
952 2963 1082 3028 Africae
1104 2963 1324 3048 procuratione
1347 2964 1527 3043 commissa,
1553 2964 1737 3029 Artabanus
1760 2984 1837 3028 evo·
1857 2990 1888 3031 aa

211 3071 301 3128 catus
324 3084 409 3146 mag.
435 3063 570 3128 militum
593 3067 772 3148 praesentis
794 3067 920 3150 accepit
941 3065 1129 3149 dignitatem
1138 3071 1174 3149 ³).
1221 3087 1281 3131 nec
1304 3066 1358 3131 diu
1381 3067 1597 3133 intercedente
1612 3066 1646 3131 in
1662 3067 1732 3150 ipso
1749 3066 1838 3151 prin-

211 3166 282 3250 cipe
311 3186 425 3231 manus
454 3167 573 3232 inicere
600 3169 743 3251 gestiens
773 3168 918 3234 detectus
945 3176 977 3234 et
999 3170 1211 3253 conprobatus
1234 3169 1354 3253 pietate
1376 3175 1483 3233 tumen
1506 3169 1683 3253 principale
1707 3169 1838 3253 inpuni-

210 3276 262 3332 tus
299 3270 475 3352 permansit
510 3276 543 3335 et
580 3272 672 3353 quasi
709 3271 877 3336 benivolus
915 3279 1024 3336 contra
1061 3273 1242 3337 'loannem
1280 3271 1393 3336 Sicilia
1433 3292 1504 3336 curu
1543 3272 1668 3338 Liberio
1707 3273 1839 3355 patricio

211 3372 406 3456 properarit.
453 3373 613 3438 lohannes
644 3395 719 3438 vero
749 3375 781 3438 in
805 3374 957 3438 Africana
987 3374 1150 3458 provincia
1180 3374 1316 3439 feliciter
1346 3374 1469 3457 degens
1492 3375 1620 3439 Mauros
1651 3375 1751 3458 partis
1779 3376 1839 3440 ad-

301 3666 327 3712 u
340 3666 361 3712 r
375 3665 424 3713 rs
439 3665 479 3727 (aa
500 3665 692 3729 releuauit
712 3668 841 3729 nemra,
860 3671 884 3732 a,
905 3672 930 3731 r,
951 3672 983 3717 aa
1006 3670 1047 3734 (aa
1067 3670 1096 3720 rc
1116 3671 1231 3733 ruriam).
1253 3697 1287 3707 -
1307 3670 1371 3719 uas.
1390 3687 1417 3732 ρ.
1432 3657 1495 3717 aaut
1514 3689 1537 3721 a.
1555 3670 1585 3718 rr
1603 3673 1628 3717 m
1646 3669 1799 3718 santanae.

303 3820 312 3868 l
335 3817 490 3886 crudelitati]
508 3808 644 3881 HP⁶VSL,
666 3823 816 3872 crudelitate
836 3823 875 3871 Ρ(ι
1013 3825 1140 3883 tyrhareui
1160 3824 1187 3884 S,
1208 3826 1295 3873 tirreni
1315 3825 1336 3871 L
1474 3839 1572 3872 romano
1594 3825 1647 3885 (-nu
1667 3824 1697 3884 L)
1718 3830 1790 3885 portu
1809 3838 1837 3871 se

218 3908 333 3967 (pertusa
348 3905 398 3966 11⁰,
420 3914 520 3968 portura
532 3906 576 3969 Η,
598 3916 712 3969 pertusae
726 3908 760 3955 1²¹¹
767 3911 792 3969 V]
815 3911 909 3971 recepit
926 3911 1028 3958 stationi
1047 3911 1102 3958 libri
1207 3909 1222 3957 2
1242 3907 1281 3975 ut]
1299 3913 1325 3958 ni
1344 3912 1363 3958 S
1466 3912 1603 3958 desolutum
1622 3908 1657 3956 L⁰
1763 3908 1778 3958 3
1797 3923 1837 3958 so-

215 3994 268 4039 clus
288 3991 337 4038 ΗΡ
438 3993 607 4059 aeoinrgnitur
627 3994 648 4041 L
763 3995 918 4043 5tiberiade
936 4010 1013 4057 merg.
1033 3996 1061 4042 H
1173 3996 1284 4044 iicladio
1303 3995 1367 4047 ΗΡ,
1454 3996 1535 4043 sicilia
1553 3995 1616 4041 va
1720 3995 1734 4042 'i
1754 3996 1836 4042 totila-

216 4073 284 4143 nem]
304 4065 365 4139 διὸ,
385 4079 524 4125 tctiilunem
544 4079 623 4139 11Pi',
644 4080 770 4128 tolilanem
791 4080 825 4127 L‘
953 4080 969 4129 8
986 4081 1142 4129 uoluntatem
1161 4081 1182 4128 1.
1309 4080 1324 4128 9
1343 4078 1495 4147 quiescenti]
1513 4081 1614 4140 HVSL,
1634 4083 1766 4143 quiescent
1783 4081 1805 4128 P

215 4162 393 4211 beilesarinsS
495 4161 612 4230 siciliam]
632 4164 704 4212 HPl'
809 4166 839 4215 to
857 4167 1019 4215 discessusL
1122 4167 1204 4214 totilla
1220 4166 1293 4213 HPV
1395 4169 1474 4215 rabiet
1491 4168 1663 4215 etradcntibns
1684 4167 1738 4226 Pi',
1759 4169 1839 4215 rabiet

214 4249 401 4298 aetradentibus
426 4249 466 4310 H,
496 4252 562 4298 rabie
587 4257 612 4298 et
636 4253 793 4299 tradentibus
816 4251 850 4312 L,
881 4253 963 4300 rubiae
987 4253 1146 4301 tradentibus
1171 4253 1190 4299 S
1329 4252 1355 4301 li
1378 4254 1503 4315 sumptias
1528 4254 1546 4300 V
1682 4256 1798 4316 repitque
1818 4255 1838 4302 L

217 4334 248 4383 12
268 4336 483 4384 mathescuntham
502 4335 524 4383 L
642 4336 672 4386 13
692 4336 841 4386 tbeodocrlci
860 4337 885 4400 S,
907 4337 1042 4386 theoderici
1061 4337 1083 4385 L
1186 4338 1328 4386 tradentem
1353 4339 1372 4385 V
1487 4338 1518 4387 15
1536 4345 1678 4400 postumum
1697 4337 1733 4406 ei]
1752 4346 1839 4402 postu·

215 4435 284 4469 mum
302 4420 328 4480 S,
349 4422 502 4482 postumium
522 4422 543 4469 1.
649 4421 678 4470 il
698 4428 777 4470 stotza
795 4423 889 4471 HPVL
1007 4423 1037 4472 io
1056 4425 1173 4484 magister
1190 4425 1246 4473 iibri
1350 4439 1399 4486 quo
1417 4425 1435 4473 i.
1455 4426 1611 4473 areobindam
1631 4426 1652 4473 L
1756 4428 1838 4488 iugale

215 4521 286 4555 meus
304 4506 353 4553 ΗΡ
463 4506 496 4555 20
514 4507 628 4554 altabane
646 4507 681 4554 L‘
797 4507 829 4557 22
848 4506 884 4576 el]
901 4515 927 4557 et
944 4510 999 4558 iibri
1104 4509 1137 4558 23
1155 4511 1304 4559 tirannidem
1325 4511 1345 4558 L
1449 4510 1482 4559 24
1501 4512 1527 4559 in
1546 4512 1632 4562 om.L
1735 4511 1768 4560 25
1786 4519 1838 4560 tro·

214 4593 341 4652 glitemL
445 4599 596 4641 conuocatus
617 4593 638 4639 L
741 4593 774 4642 26
792 4597 911 4655 magister
929 4595 1025 4643 HPVL
1128 4595 1160 4644 27
1180 4592 1284 4662 inicere]
1304 4595 1333 4657 L,
1356 4598 1464 4646 iniecere
1483 4597 1555 4644 HPV
1655 4594 1779 4663 gestiens]
1796 4612 1839 4645 cu-

215 4681 288 4741 piens
307 4679 328 4726 L
431 4678 464 4728 28
483 4676 575 4746 sicilia]
592 4678 687 4728 HPVL
790 4680 823 4729 29
841 4681 936 4742 parthis
955 4680 1028 4730 1er

304 4902 325 4965 l)
347 4904 483 4951 Belisarius
504 4919 518 4950 a
536 4903 654 4952 Rauenna
672 4917 786 4963 egressus
805 4906 875 4953 venit
893 4905 1070 4966 Dyrrachium,
1094 4906 1203 4968 ludeque
1222 4907 1314 4954 directo
1332 4906 1442 4954 iohanne
1461 4905 1612 4969 Calabriam,
1640 4908 1693 4968 lpse
1711 4921 1756 4969 per
1773 4908 1838 4956 sicr·

214 4991 273 5039 liam
291 4991 392 5039 Romam
410 4992 521 5052 perrexit
541 5027 546 5038 .
563 5028 568 5040 .
586 5028 591 5039 .
614 5005 739 5039 murorum
757 4997 853 5052 partem
872 4996 1004 5053 restaurat,
1026 4994 1194 5054 venienteque
1206 4991 1287 5040 l'ctila
1305 4992 1335 5038 ad
1353 5006 1462 5055 pugnam
1480 4994 1575 5041 resistit
1595 4992 1759 5042 (emanantes
1772 4992 1839 5041 Mur-

214 5077 297 5124 cellini
315 5092 340 5125 u.
360 5079 420 5125 517.

301 5161 327 5222 2)
347 5162 378 5209 de
396 5162 481 5208 Africa
504 5163 588 5223 neptis
611 5163 768 5223 imperatoris
786 5164 920 5210 revertitur
938 5163 1012 5210 vidua
1029 5164 1108 5210 occiso
1127 5163 1266 5211 Ariobinda
1279 5177 1300 5211 'a
1318 5162 1458 5212 Gunthario
1479 5165 1533 5226 (aer.
1555 5164 1700 5223 Gnutharic)
1722 5170 1836 5227 tyranno,
1895 5146 1900 5153 ⁸

215 5248 259 5309 qui
278 5261 334 5294 cum
352 5248 437 5295 stotza
454 5249 553 5296 iuniore
571 5253 679 5295 tractans
697 5263 754 5296 eum
773 5249 905 5297 occiderat.
941 5248 986 5296 sed
1005 5249 1141 5297 artabanes
1160 5255 1278 5311 utrosque
1295 5251 1486 5311 comprehensos
1504 5251 1671 5298 (luntherium
1694 5252 1749 5311 tarr.
1767 5253 1839 5299 ilun-

215 5335 348 5396 tharicum)
369 5334 469 5395 occidit,
495 5334 629 5382 Iohannem
655 5335 720 5383 idem
739 5335 848 5382 Stotzam
866 5336 988 5382 iuniorem
1014 5338 1123 5383 vinctum
1147 5337 1295 5383 transmittit
1312 5336 1342 5383 ad
1361 5337 1497 5397 principem
1520 5336 1682 5384 eontinentur
1702 5336 1840 5386 Marcellini

215 5436 240 5468 a.
261 5422 321 5470 547.

302 5506 326 5566 3)
348 5510 405 5566 post
427 5504 565 5565 aliquantos
583 5504 637 5552 dies
656 5507 765 5555 mittitur
784 5508 809 5554 in
828 5507 937 5554 Africam
958 5507 1080 5554 lohannes
1098 5513 1124 5555 et
1143 5509 1284 5555 Artabanus
1302 5514 1418 5556 evocatus
1436 5509 1590 5568 praescrutale
1608 5509 1705 5568 aceepit
1723 5510 1839 5567 magiste-

216 5594 281 5641 rium
302 5593 464 5641 Oouiiuuulor
483 5588 620 5638 Marcellini
637 5593 655 5640 i.
675 5607 697 5641 c.

1593 5693 1630 5745 ’μ
