4246 6082
897 336 1127 406 PROOEMIVM.
1746 344 1822 410 XLI

203 574 342 641 ‘titerint
370 594 410 640 ex
441 594 550 640 eorum
580 573 733 660 progenie
762 574 814 638 vel
844 573 899 657 qui
928 574 1058 640 eruditi*
1093 575 1167 658 (eod.
1193 574 1246 639 vel
1269 571 1446 655 exquibus
1469 571 1611 655 eruditis)
1647 570 1753 636 editus
1781 569 1823 634 ab

197 697 339 762 Vsenero
365 696 388 760 l.
414 715 463 778 c.,
497 696 583 761 unde
612 694 675 760 huc
704 694 864 780 pertinent
892 701 1050 760 extrema:
1089 693 1316 761 ‘Cassiodorus
1346 693 1481 758 Senator
1507 691 1557 756 vir
1586 690 1821 757 eruditissimus
1888 680 1889 684 ’

202 819 252 882 ‘et
273 814 382 881 multis
405 816 616 900 dignitatibus
638 816 764 901 pollens
786 815 912 881 iuvenis
935 815 1017 881 adeo
1040 815 1116 880 dum
1138 813 1238 900 patris
1261 812 1447 880 cassiodori
1468 812 1594 897 patricii
1617 818 1649 878 et
1667 809 1822 897 praefecti

203 935 372 1021 ‘praetorii
402 936 603 1002 consiliarius
632 936 723 1001 fieret
751 943 783 1002 et
808 936 922 1001 laudes
944 934 1159 1001 Theodorichi
1182 933 1268 1018 regis
1291 915 1466 998 Gothorum
1488 931 1718 998 facundissime
1740 931 1824 996 reci-

203 1061 340 1139 ‘tasset,
374 1057 415 1120 ab
438 1077 477 1122 eo
499 1064 650 1140 quaestor
671 1063 721 1122 est
742 1055 864 1138 factus,
890 1044 1041 1141 patricius
1064 1063 1097 1121 et
1119 1055 1230 1121 consul
1253 1053 1447 1134 ordinarius,
1482 1051 1683 1138 postmodum
1706 1050 1822 1117 dehine

206 1177 376 1261 ‘magister
406 1175 582 1242 officiorum
612 1184 645 1243 et
672 1176 867 1261 praefuisset
893 1179 965 1258 [scr.
988 1178 1056 1259 sere
1078 1176 1180 1261 praef.
1206 1181 1307 1261 praet.
1334 1173 1506 1258 suggessit]
1533 1172 1685 1238 formulas
1708 1171 1823 1237 dictio-

206 1303 317 1379 ‘num,
350 1315 432 1380 quas
460 1297 493 1361 in
522 1315 572 1361 xn
595 1296 684 1361 libris
715 1296 876 1361 ordinavit
902 1304 935 1362 et
956 1297 1117 1362 variarum
1138 1296 1265 1362 titulum
1288 1294 1504 1380 superposuit.
1551 1292 1678 1378 scripsit
1698 1291 1823 1378 praeci-

207 1418 334 1504 ‘piente
356 1416 578 1483 Theodoricho
600 1437 676 1501 rege
698 1416 862 1483 historiam
879 1417 1047 1482 Gothicum
1069 1417 1225 1500 originem
1248 1422 1280 1482 et
1302 1417 1373 1482 loca
1394 1432 1499 1480 mores
1521 1414 1554 1477 in
1580 1415 1586 1495 l
1591 1431 1757 1496 moresque
1772 1430 1823 1476 xn

203 1541 360 1602 ‘emendat
381 1539 500 1619 Vsoncr]
528 1536 618 1602 libris
633 1538 854 1603 annuntians'.
895 1538 1022 1621 librum,
1049 1538 1134 1603 unde
1148 1537 1229 1603 haec
1244 1542 1395 1620 excerpta
1411 1540 1494 1617 sunt,
1520 1533 1593 1599 ideo
1607 1531 1819 1619 potissimum,

203 1659 288 1742 quod
311 1657 502 1742 Symmachi
519 1664 551 1723 et
573 1657 698 1723 Boethii
720 1658 787 1724 vita
808 1657 855 1724 ita
876 1666 1058 1740 enarratur,
1091 1664 1127 1723 ut
1154 1656 1264 1723 iudicii
1293 1676 1402 1722 eorum
1425 1662 1458 1721 et
1479 1654 1568 1720 exitii
1590 1654 1710 1719 mentio
1731 1653 1822 1719 nulla

201 1779 268 1862 fiat,
293 1781 456 1846 Vsenerus
478 1778 642 1844 contendit
663 1799 695 1843 a.
715 1781 777 1842 522
800 1801 820 1843 a
838 1778 1040 1845 Cassiodorio
1064 1778 1215 1864 scriptum
1238 1797 1311 1843 esse
1333 1784 1366 1843 et
1387 1783 1555 1862 propterea
1576 1774 1739 1841 historiam
1754 1773 1822 1839 Go-

199 1900 325 1966 thorum
353 1906 427 1965 ante
456 1919 528 1965 eum
557 1919 675 1963 annum
705 1898 836 1964 editam.
883 1898 942 1964 sed
970 1899 1005 1964 id
1034 1906 1069 1965 ut
1093 1897 1195 1983 perite
1218 1899 1341 1982 arguit,
1374 1898 1420 1964 ita
1440 1917 1554 1983 parum
1577 1893 1818 1961 demonstravit.

201 2042 276 2086 nam
300 2040 371 2086 curn
395 2026 427 2085 ct
448 2018 649 2105 praefectura
670 2019 824 2105 praetorii
846 2039 877 2083 a.
896 2023 957 2083 534
981 2019 1100 2104 adepta
1121 2020 1340 2085 nonobscure
1362 2018 1407 2084 ibi
1430 2023 1691 2084 commemoretur
1712 2022 1745 2082 et
1763 2035 1820 2080 va-

200 2141 318 2207 riarum
341 2139 516 2226 publicatio
538 2159 565 2205 e.
591 2161 623 2206 a.
648 2142 710 2204 538
734 2140 835 2221 faeta,
865 2139 942 2205 item
964 2140 997 2205 in
1020 2139 1090 2225 ipso
1112 2140 1267 2226 principio
1290 2139 1512 2206 Cassiodorius
1534 2144 1662 2224 praeter
1683 2137 1819 2202 honores

201 2263 385 2329 saeculares
407 2259 504 2326 etiam
530 2259 722 2325 ‘monachus
745 2279 856 2325 servus
879 2259 946 2325 dei'
978 2260 1118 2344 dicatur,
1151 2268 1296 2347 apertum
1319 2267 1368 2327 est
1389 2260 1450 2326 hoc
1471 2257 1742 2345 apospasmatium
1764 2263 1821 2322 aut

200 2400 371 2466 superesse
393 2400 434 2446 ex
456 2381 568 2446 libello
591 2386 662 2465 post
683 2378 881 2444 Cassiodorii
901 2381 1141 2447 conversionem
1163 2382 1249 2448 edito
1271 2389 1344 2464 aut,
1377 2381 1462 2465 quod
1488 2379 1593 2464 magis
1616 2377 1817 2459 crediderim,

199 2501 426 2569 additamentis
448 2501 564 2566 alienis
586 2507 714 2566 auctum
737 2520 819 2567 esse.
867 2520 927 2566 nec
948 2501 1102 2568 rationem
1125 2503 1222 2569 habet
1235 2504 1276 2569 de
1291 2503 1390 2568 variis
1406 2523 1488 2586 quae
1504 2501 1652 2567 dicuntur
1665 2499 1708 2565 ad
1723 2499 1821 2564 inter-

200 2624 374 2710 polatorem
404 2622 524 2688 referre
552 2629 585 2687 et
613 2621 673 2687 hoc
700 2620 881 2686 testimonio
910 2621 956 2686 uti
980 2623 1022 2688 ad
1044 2622 1196 2688 historiae
1218 2622 1374 2690 Gothicae
1396 2622 1568 2689 editionem
1591 2620 1817 2689 definiendam.

199 2764 218 2810 e
247 2743 404 2810 contrario
432 2749 468 2809 ut
495 2742 661 2831 probabile
690 2749 740 2806 est
768 2742 898 2807 iubente
920 2741 1119 2808 Theoderico
1147 2742 1313 2809 historiam
1342 2751 1486 2829 coeptam
1514 2762 1604 2825 esse,
1636 2742 1684 2806 ita
1713 2739 1820 2806 omnia

108 2905 111 2910 -
201 2864 338 2930 suadent
367 2863 485 2929 editam
515 2882 586 2928 eam
616 2882 689 2928 esse
717 2861 853 2927 intera.
879 2864 959 2942 526,
992 2881 1055 2943 quo
1077 2862 1155 2928 obiit
1176 2862 1411 2947 Theodericus,
1443 2870 1476 2929 et
1496 2883 1527 2928 a.
1554 2864 1633 2943 533,
1663 2881 1725 2944 quo
1747 2879 1819 2926 earn
1847 2851 1854 2941 1

202 2989 424 3050 commemorat
446 2982 586 3068 epistula
607 2981 746 3047 auctoris
769 3001 867 3066 supra
889 2981 1032 3048 recitata.
1078 2982 1125 3047 ita
1154 2982 1238 3048 enim
1261 2990 1346 3049 reete
1368 2983 1563 3069 explicatur,
1597 2979 1819 3049 Cassiodorius

200 3112 284 3172 certe
313 3103 464 3170 laudibus
494 3103 561 3167 suis
589 3121 790 3185 nequaquam
819 3101 966 3168 invidens
997 3123 1053 3167 cur
1081 3103 1232 3169 extremis
1261 3110 1384 3169 tanturn
1413 3103 1512 3170 officii
1541 3102 1591 3169 sui
1624 3101 1717 3169 annis
1750 3099 1821 3166 eius

200 3225 305 3312 operis
327 3222 520 3290 mentionem
544 3221 672 3288 fecerit:
697 3223 773 3288 item
796 3221 881 3306 quod
903 3243 943 3288 ex
965 3222 1037 3308 ipsa
1059 3222 1192 3288 historia
1214 3224 1305 3291 citari
1327 3225 1455 3292 videtur
1476 3224 1645 3310 septimum
1661 3220 1819 3288 decimum

198 3365 333 3429 regnare
355 3343 590 3427 Athalaricum,
617 3343 691 3409 vivo
713 3342 913 3408 Theoderico
934 3343 981 3409 ita
1003 3344 1098 3410 scribi
1120 3365 1183 3410 non
1206 3345 1326 3411 debuit.
1373 3346 1459 3429 quod
1482 3345 1510 3411 si
1530 3345 1577 3410 ita
1599 3340 1821 3410 Cassiodorius

199 3464 414 3530 narrationem
436 3463 541 3529 linivit
562 3464 663 3529 relato
687 3463 775 3530 obitu
798 3464 990 3530 Theoderici
1012 3472 1045 3531 et
1066 3465 1268 3532 successione
1289 3466 1532 3550 Athalariuiv),
1564 3471 1651 3531 recte
1680 3462 1714 3527 id
1744 3481 1821 3527 con·

198 3585 287 3651 venit
307 3583 520 3652 Iordanianis.
567 3605 641 3649 nam
663 3603 726 3649 non
749 3585 852 3649 solum
874 3584 1044 3651 admiratio
1066 3587 1181 3651 summi
1196 3586 1398 3671 Theoderici,
1424 3608 1518 3670 quarn
1541 3585 1663 3671 passim
1685 3602 1763 3669 prae
1785 3600 1820 3646 se

199 3704 315 3786 ferunt,
341 3704 506 3787 ingenium
521 3704 667 3770 Iordanis
682 3706 778 3789 longe
801 3704 936 3787 excedit,
964 3705 1082 3791 quippe
1104 3706 1159 3789 qui
1180 3706 1251 3791 ipse
1274 3709 1357 3774 ultra
1378 3707 1484 3774 tenuis
1506 3706 1643 3772 hominis
1664 3704 1820 3769 adversus

199 3825 424 3911 imperatorem
453 3825 507 3909 qui
535 3846 619 3890 nunc
646 3831 696 3890 est
724 3825 900 3908 legitimam
930 3825 1130 3892 devotionem
1158 3847 1221 3892 non
1249 3828 1409 3914 adspiret,
1442 3827 1500 3894 sed
1529 3826 1624 3893 etiarn
1651 3825 1717 3892 stili
1740 3824 1821 3890 Cas-

201 3945 373 4010 siodoriani
396 3952 483 4010 certa
504 3944 625 4010 indicia
647 3951 780 4011 eatenus
803 3944 1095 4030 deprehenduntur.
1140 3947 1187 4013 ita
1216 3947 1249 4013 in
1271 3948 1376 4013 verbis
1399 3968 1427 4014 c.
1452 3953 1503 4030 57,
1531 3952 1593 4012 296
1627 3950 1818 4027 ‘numquam

204 4065 346 4131 ‘Gothus
368 4066 500 4131 Francis
522 4065 629 4147 cessit,
656 4065 732 4130 dum
755 4064 922 4132 adviveret
943 4066 1174 4133 Theodericus*
1198 4068 1384 4134 nominativi
1407 4087 1500 4133 usum
1522 4074 1608 4135 recte
1630 4065 1820 4132 Schirrenus

200 4208 233 4272 p.
261 4191 296 4249 11
322 4185 526 4252 Cassiodorio
548 4185 723 4272 vindicavit
732 4187 784 4268 71).
816 4223 859 4232 -
888 4186 1081 4253 Cassiodorii
1112 4188 1224 4271 libros,
1257 4209 1320 4272 quo
1348 4196 1490 4275 tempore
1511 4188 1665 4254 Iordanes
1694 4182 1822 4270 scripsit

199 4305 313 4389 viginti
335 4306 419 4371 circa
440 4306 534 4371 annis
557 4313 628 4391 post
643 4305 882 4371 Cassiodorium
904 4306 974 4391 ipso
996 4307 1160 4374 etiamtum
1179 4308 1262 4391 vivo,
1288 4310 1428 4376 nondum
1449 4311 1547 4394 vulgo
1569 4326 1708 4395 sparsos,
1735 4312 1819 4372 certe

198 4425 232 4489 in
254 4425 387 4509 regione
409 4447 449 4491 ea
470 4426 503 4490 in
526 4447 590 4509 qua
611 4427 800 4492 versabatur
816 4425 970 4492 Iordanes
992 4428 1070 4494 alibi
1092 4449 1154 4493 non
1177 4437 1319 4515 repertos
1340 4433 1382 4496 ab
1404 4431 1506 4517 ipsius
1528 4430 1667 4496 auctoris
1689 4428 1820 4513 dispen-

199 4555 304 4612 satore
313 4550 348 4630 77)
376 4545 419 4611 ad
440 4546 640 4629 triduanam,
671 4546 698 4611 si
722 4545 844 4628 eredis,
870 4547 1038 4614 lectionem
1061 4549 1122 4614 sibi
1144 4551 1342 4634 procuravit,
1368 4552 1438 4619 sine
1461 4552 1558 4618 dubio
1580 4548 1820 4617 exeusationem

180 4665 261 4730 'sibi
284 4686 402 4751 parans
423 4666 581 4732 adversus
603 4685 668 4746 eos,
695 4686 774 4749 quos
796 4667 1006 4751 praevidebat
1026 4677 1194 4751 questuros
1216 4691 1288 4738 esse
1310 4672 1351 4738 de
1373 4674 1554 4740 narratione
1572 4669 1822 4739 CassIodoriana

288 4959 329 5022 75)
351 4959 477 5008 Vsenerus
496 4962 512 5008 l.
534 4975 557 5012 c.
576 4975 602 5023 p.
618 4959 649 5008 73
668 4975 726 5008 enm
745 4962 886 5009 substitisse
905 4962 1013 5022 iudicat,
1034 4965 1055 5012 si
1074 4968 1139 5012 recte
1156 4967 1289 5028 intellego,
1313 4967 1344 5015 ad
1362 4969 1494 5017 introitum
1513 4967 1658 5017 Theoderici
1677 4967 1703 5013 ln
1722 4965 1820 5012 Italiam

200 5060 223 5096 a.
243 5044 308 5109 489,
335 5051 465 5109 propterea
486 5049 552 5110 qnod
570 5048 681 5096 lordsnIs
705 5048 736 5095 de
758 5049 851 5110 pugnis
873 5050 940 5096 inter
958 5049 1093 5099 Odoacrum
1118 5057 1145 5100 et
1163 5053 1341 5102 Theodericum
1366 5056 1474 5104 narratio
1497 5055 1645 5103 affluitatem
1669 5051 1744 5099 habet
1761 5063 1819 5098 cum

200 5131 322 5180 chronicis
340 5132 535 5182 Rauennatibus.
575 5133 619 5182 sed
642 5148 727 5182 aarum
750 5148 891 5196 pugnamm
909 5138 1075 5185 narrationem
1099 5138 1268 5188 Cassiodorius
1293 5153 1325 5188 ex
1347 5142 1438 5191 iisdem
1461 5141 1584 5191 chronicis
1606 5140 1712 5202 petiisse
1730 5137 1818 5200 proba-

198 5217 251 5266 bile
268 5223 307 5266 551
327 5216 368 5279 (cl.
388 5232 413 5280 p.
434 5218 564 5282 XXXIX).

286 5303 326 5366 76)
349 5302 546 5353 chlodovechum
565 5306 685 5355 Francum
703 5309 769 5370 quod
788 5308 818 5356 de
838 5308 990 5357 Theoderico
1009 5311 1120 5358 scribens
1138 5311 1262 5375 Iordanes,
1282 5313 1376 5375 pariter
1393 5319 1468 5375 atque
1480 5312 1658 5374 Cassiodorius,
1680 5312 1817 5361 Lodolnnm

202 5390 312 5452 appellat
328 5391 432 5439 miridca
450 5400 476 5440 et
495 5393 598 5441 sonasse
616 5408 733 5456 perversa
752 5395 866 5444 vocabuli
884 5396 1030 5445 formatione
1051 5398 1092 5459 (ci.
1113 5397 1165 5446 ind.
1185 5401 1280 5461 pers),
1308 5400 1363 5447 siue
1387 5399 1462 5448 dubio
1485 5414 1517 5447 ex
1540 5399 1587 5450 hoc
1607 5401 1651 5448 ille
1669 5397 1816 5459 adsumpsit.

200 5479 284 5524 contra
301 5477 366 5538 quod
386 5476 535 5526 Schlrrenus
553 5493 578 5541 p.
600 5480 632 5528 74
646 5495 683 5542 sq.
702 5488 817 5542 provocat
834 5482 864 5529 ed
884 5483 946 5531 locos
964 5483 995 5531 de
1014 5483 1148 5532 Eutharico
1166 5486 1267 5546 stmulo,
1295 5485 1372 5533 additi
1396 5492 1456 5535 sunt
1473 5488 1493 5534 11
1512 5487 1615 5549 quidem
1632 5487 1662 5535 sd
1681 5484 1819 5534 5115555515-

202 5575 258 5610 uem
278 5563 413 5611 Athslsrlei
430 5564 659 5626 commendandam,
680 5568 723 5615 sed
742 5570 772 5615 ob
790 5569 816 5615 id
834 5570 918 5631 ipsum
936 5571 989 5632 pari
1008 5571 1063 5619 iure
1082 5571 1137 5617 vivo
1156 5571 1306 5620 Theoderico
1323 5573 1398 5620 scribi
1415 5578 1562 5635 potnerunt.

287 5647 327 5710 77)
349 5649 423 5699 Servo
441 5652 545 5699 sedicet.
583 5666 641 5699 carm
661 5651 808 5701 Subtrrenus
825 5669 850 5715 p.
866 5655 898 5702 33
918 5670 966 5704 non
986 5657 1076 5705 babere
1093 5658 1181 5706 debuit
1199 5673 1243 5720 pro
1262 5659 1369 5707 (laetalio
1386 5660 1557 5722 dispensatore
1575 5661 1700 5724 pontificis
1718 5657 1817 5716 vigilii.

275 5747 397 5789 lornarars.
1608 5761 1626 5814 ς
