4246 6082
880 338 1109 395 raooaruvu.
1754 341 1809 406 LV

184 564 397 649 fragmentum
420 564 580 648 passionis
596 562 629 629 S.
648 562 801 646 Quintini,
829 563 985 630 Bernardi
1007 562 1124 630 librum
1144 561 1185 629 de
1201 560 1439 647 dispensatione
1461 568 1494 629 et
1515 571 1696 650 praecepto,
1721 564 1810 631 Ano-

183 685 273 769 nymi
295 684 458 750 homiliam
481 683 522 750 de
544 684 708 769 paschate,
729 680 769 749 8.
789 683 944 749 Bemardi
966 683 1131 749 homiliam
1153 682 1194 749 de
1216 682 1457 750 annuntiatione
1480 683 1651 766 dominica,
1670 685 1809 770 priorem
1918 722 1920 729 >

186 811 309 889 partem
332 806 548 871 Romanorum
564 804 711 871 Iordanis
739 806 822 887 (ante
845 805 1011 889 prologum
1035 802 1224 889 principium
1248 802 1353 888 operis
1375 824 1395 868 a
1417 803 1515 870 verbo
1537 825 1569 889 6.
1589 808 1656 889 3,1
1683 809 1811 869 Romani

184 934 217 987 ut
240 928 284 988 cit
306 944 407 1008 usqne
429 925 472 991 ad
493 947 524 990 v.
546 929 584 990 13
607 927 759 988 bominum
782 935 899 988 notura
921 924 1049 1008 legitur,
1075 942 1132 989 suo
1154 928 1262 989 161666
1285 923 1354 989 loco
1373 923 1488 990 iterum
1503 924 1708 1010 descriptum)
1729 924 1809 991 defi-

184 1043 321 1111 cientem
339 1044 373 1111 in
395 1045 501 1112 medio
524 1045 601 1111 lolio
623 1045 657 1110 in
679 1045 787 1112 verbis
809 1066 841 1131 p.
869 1048 920 1126 30,
947 1046 966 1109 8
989 1065 1079 1108 ormo
1101 1046 1253 1108 ciderunt.
1293 1043 1455 1128 specimen
1476 1044 1563 1127 quod
1584 1044 1681 1113 habui
1704 1044 1810 1112 docuit

185 1164 301 1232 librum
323 1165 469 1233 inutilem
492 1185 574 1232 esse.

270 1303 550 1370 Vmuoaounusrs
578 1323 611 1368 n.
637 1307 696 1366 451
734 1301 821 1385 (olim
848 1301 924 1368 hist.
957 1300 1040 1387 prol.
1072 1321 1105 1366 n.
1138 1302 1212 1383 600)
1243 1300 1374 1367 membr.
1408 1319 1494 1368 saec.
1526 1301 1590 1367 XII
1626 1303 1809 1385 (Endlicher

184 1443 216 1488 n.
242 1426 314 1501 406)
341 1423 481 1490 66611661
502 1423 637 1489 6666166
660 1422 840 1488 Fuldenses
864 1423 1013 1505 (Monam.
1038 1421 1097 1487 SS.
1125 1426 1153 1501 1,
1174 1423 1261 1504 341),
1287 1420 1435 1487 Iordanis
1449 1423 1662 1488 Romanorum
1684 1431 1808 1508 partem

184 1542 338 1628 priorem,
365 1565 447 1628 quae
471 1542 576 1610 deficit
597 1543 631 1608 in
652 1543 761 1609 media
782 1543 903 1628 pagina
925 1563 963 1608 eo
985 1541 1055 1626 ipso
1078 1542 1163 1624 loco,
1195 1562 1258 1624 quo
1281 1541 1400 1607 desinit
1420 1541 1585 1608 Parisinus
1608 1547 1703 1626 2467,
1737 1544 1808 1609 Ruti

184 1663 377 1730 breviarium
404 1667 446 1749 [v.
471 1664 573 1749 prael.
598 1663 759 1730 roersreri
781 1684 813 1748 p.
840 1666 885 1748 7).
932 1663 1091 1747 gemellus
1114 1661 1335 1747 praecedentis
1358 1668 1487 1728 estnec
1509 1662 1614 1746 magis
1636 1664 1735 1729 utilis.

273 1801 455 1869 Pnarsmvs
478 1803 549 1869 Lat.
567 1823 600 1867 6.
619 1804 702 1866 5766
718 1800 850 1867 membr.
877 1820 961 1866 saec.
981 1800 1056 1882 XII,
1082 1805 1179 1864 antea
1193 1798 1333 1882 Thnani,
1360 1798 1476 1866 deinde
1491 1799 1642 1882 Oolberti,
1669 1802 1809 1868 continet

186 1921 337 1987 Caesaris
366 1921 610 1988 commentarios
638 1924 677 2006 (v.
703 1919 890 2006 Nipperdey
919 1920 1021 2006 prael.
1047 1943 1079 2006 p.
1106 1921 1156 2005 42)
1185 1926 1217 1986 61
1238 1919 1386 1985 Iordanis
1414 1920 1538 1986 (letica.
1585 1922 1669 1987 hunc
1692 1921 1807 1988 librum

195 2041 266 2125 (sibi
288 2045 324 2127 B)
352 2042 483 2108 Vossius
513 2041 645 2108 contulit
667 2061 738 2107 cum
761 2040 900 2107 editione
923 2041 1087 2124 Vulcanii,
1115 2059 1198 2125 quae
1230 2039 1357 2105 collatio
1387 2039 1576 2106 adservatur
1598 2041 1747 2125 Lugduni
1774 2043 1808 2108 in

185 2162 380 2229 bibliotheca
401 2162 530 2248 publica
551 2160 779 2246 impressorum
803 2161 894 2227 XIII.
921 2160 959 2227 0.
986 2163 1059 2225 673.
1108 2181 1148 2227 66
1170 2158 1361 2246 specimine,
1396 2159 1494 2244 quod.
1510 2160 1626 2244 habui,
1660 2161 1807 2229 intellexi

184 2282 278 2368 primi
300 2283 421 2350 ordinis
443 2282 572 2367 quidem
595 2302 677 2365 6666,
704 2282 763 2347 sed
785 2301 826 2348 66
848 2281 989 2366 6666166
1010 2300 1128 2365 genere
1150 2280 1412 2366 interpolatorum
1421 2282 1473 2366 11).

273 2421 451 2487 Onnsuuns
466 2421 753 2486 Munnrusmnuvs
776 2419 857 2504 6161.
879 2423 918 2483 12
942 2418 1010 2485 cod.
1031 2423 1049 2482 5
1076 2418 1231 2504 ‘scriptus
1253 2437 1310 2503 per
1331 2437 1382 2484 me
1401 2418 1469 2483 Ioh.
1489 2419 1730 2503 Pergulitannm
1751 2442 1810 2507 pro

189 2541 377 2625 ‘magnifico
407 2548 440 2607 et
468 2539 590 2626 potenti
619 2539 745 2606 domino
775 2538 902 2606 domino
929 2539 1102 2605 Malatesta
1126 2538 1266 2605 Novella
1293 2538 1334 2605 de
1362 2538 1541 2605 Malatestis
1571 2547 1604 2606 61
1632 2541 1810 2626 completus

190 2660 258 2727 ‘die
281 2661 330 2726 III
351 2659 492 2727 Ianuarii
507 2659 769 2742 MCCCOLIHI’,
796 2660 910 2726 Getica
932 2659 1001 2726 sola
1023 2659 1173 2726 continet.
1228 2658 1361 2725 contulit
1389 2679 1461 2724 eum
1486 2659 1677 2727 Bethmann.
1716 2662 1810 2747 primi

186 2780 307 2847 ordinis
329 2788 389 2866 661,
415 2780 475 2848 666
495 2801 537 2848 66
558 2779 628 2847 eius
650 2779 779 2865 generis
802 2778 992 2846 deterrimis.
1716 2760 1720 2785 ¹

258 2904 259 2907 ¹
275 2918 514 2984 8666666666
524 2918 736 3003 Vraugiensis
749 2918 779 3003 li
793 2923 866 3003 post
881 2939 911 2983 a.
930 2920 1021 3002 1125)
1036 2923 1071 2982 61
1085 2916 1119 2981 16
1131 2913 1288 2982 chronicis
1305 2916 1397 2999 [Mon.
1413 2866 1522 2983 Germ.
1535 2917 1593 2983 SS.
1608 2919 1652 2984 VI
1668 2939 1701 3003 p.
1719 2924 1730 2982 1
1744 2922 1805 3004 sq.)

187 3039 414 3105 concinnandis
429 3038 576 3105 Iordanis
598 3039 744 3104 libellum
767 3043 934 3120 utrumque
953 3037 1074 3122 passim
1090 3035 1246 3118 adhibuit,
1272 3035 1317 3101 ita
1332 3036 1480 3103 continno
1495 3037 1606 3104 ordine
1621 3039 1662 3105 iis
1677 3040 1811 3106 inseruit

189 3179 228 3226 66
239 3159 376 3226 Iordane
387 3159 455 3225 fere
471 3159 538 3225 solo
549 3160 722 3244 compilata
737 3158 845 3244 capita
857 3157 1013 3241 inscripta
1029 3159 1171 3221 ‘historio
1185 3157 1358 3220 Gothorum’
1377 3157 1471 3235 (Mon.
1489 3158 1599 3224 Germ.
1614 3158 1636 3223 1.
1653 3179 1681 3225 6.
1699 3180 1732 3244 p.
1750 3165 1809 3225 119

187 3279 249 3346 166.
270 3283 417 3344 thrrdius
435 3283 618 3344 Ptbolomcus
633 3281 715 3344 orbis
730 3290 833 3344 terroe
854 3281 1031 3362 descriptor,
1058 3276 1127 3343 finit
1148 3279 1323 3340 huicrsmodi
1340 3278 1439 3360 [111616
1462 3281 1596 3363 iegitur),
1623 3281 1810 3345 116416666-

187 3402 277 3465 nibus
299 3401 331 3484 (l.
350 3421 378 3466 c.
404 3422 437 3486 p.
459 3404 529 3483 121,
555 3400 618 3467 166.
637 3404 734 3467 Medio
753 3410 883 3484 tempore
905 3399 1111 3482 habitationis,
1136 3397 1207 3463 finit
1227 3400 1368 3461 coetitissc
1388 3401 1613 3483 comperimus),
1640 3403 1676 3464 de
1698 3407 1814 3488 oripine

188 3526 349 3585 Hunorum
370 3521 440 3605 (1.6.
466 3543 499 3607 p.
514 3524 587 3604 223,
605 3521 669 3587 inc.
689 3525 812 3586 Filimcr
828 3541 889 3584 rem
906 3522 1067 3583 Gothorum
1081 3555 1120 3568 -
1133 3520 1319 3602 redeamus),
1339 3516 1379 3583 de
1394 3517 1584 3602 Wisigothis
1603 3521 1635 3604 (l.
1654 3542 1682 3587 6.
1702 3544 1734 3607 p.
1751 3527 1812 3587 124

194 3644 376 3726 Wisipothoe
397 3646 499 3726 itnquc
520 3680 563 3689 -
585 3663 617 3727 p.
639 3646 699 3708 130
720 3645 871 3725 pristiam
894 3641 1028 3705 libertati
1048 3641 1201 3721 restituit).
1240 3658 1280 3704 ea
1302 3639 1410 3724 capita
1432 3659 1503 3706 cum
1525 3660 1622 3726 saepe
1644 3641 1814 3708 invenian-

189 3768 241 3827 tur
256 3782 399 3828 seorsnm
414 3762 578 3847 descripta
592 3783 658 3828 una
672 3782 744 3828 cum
767 3761 925 3828 similibus
948 3759 989 3826 de
1004 3760 1139 3826 historia
1156 3760 1361 3841 Francorum,
1388 3759 1684 3845 Langobardorum,
1711 3762 1814 3828 Saxo-

190 3903 265 3948 num
286 3885 326 3967 (v.
346 3883 438 3948 Perta
453 3882 567 3946 Archiv
581 3882 645 3948 vol.
665 3888 682 3947 7
707 3904 739 3968 6.
759 3884 822 3946 486
839 3883 915 3966 sq.),
940 3900 1008 3946 non
1018 3900 1089 3946 raro
1110 3879 1144 3946 in
1163 3880 1320 3964 catalogis
1342 3886 1375 3945 et
1396 3880 1476 3946 alibi
1499 3881 1558 3946 sub
1581 3881 1651 3965 ipso
1666 3882 1813 3948 Iordanis

190 4003 318 4070 nomine
339 4011 556 4070 recensentur.
591 4003 638 4069 ita
659 4002 826 4068 Palatinus
847 4001 961 4068 tertius
983 3998 1111 4066 Gruteri
1133 3999 1235 4066 codex
1257 4007 1307 4067 661
1327 4000 1529 4066 Ekkehardi.
1560 4001 1679 4086 pendet
1702 4002 1814 4070 Ekke·

190 4123 310 4190 hardus
333 4144 373 4190 66
395 4124 476 4189 hhro
499 4122 606 4205 aliquo
628 4141 692 4188 non
713 4122 798 4188 bono
821 4122 941 4188 ordinis
963 4121 1068 4207 primi.

275 4262 460 4326 Excusare
482 4262 704 4327 Vnnouuusm
726 4259 872 4326 Iordanis
901 4259 1021 4326 codicis
1049 4259 1195 4326 Vaticani
1217 4258 1357 4325 Palatini
1385 4280 1417 4324 n.
1444 4262 1504 4323 927
1536 4259 1647 4345 scripti
1668 4262 1814 4329 Veronae

189 4404 219 4449 a.
249 4386 328 4448 1181
359 4382 481 4447 inserta
502 4388 577 4447 sunt
606 4381 812 4447 collectaneis
840 4380 935 4446 hodie
964 4379 1048 4446 notis
1077 4381 1138 4446 sub
1167 4381 1295 4447 nomine
1323 4379 1483 4465 Anonymi
1512 4381 1695 4465 Valesiani,
1728 4403 1815 4448 com-

188 4504 287 4588 plexa
315 4502 402 4569 locos
432 4500 617 4586 desumptas
647 4523 688 4568 66
717 4501 838 4567 Geticis
868 4500 942 4566 hos:
977 4505 1090 4584 655,
1116 4503 1175 4565 281
1214 4503 1326 4585 [igitur]
1358 4523 1419 4564 rea
1452 4503 1689 4565 7166061616-
1711 4504 1728 4587 §
1752 4508 1814 4569 282

189 4626 347 4708 repedavit
373 4621 622 4709 (praescribitur
657 4625 725 4685 item
749 4622 839 4704 sucre
867 4633 894 4686 et
922 4625 979 4685 6111
1003 4624 1106 4705 Gothi,
1140 4643 1182 4685 em
1204 4643 1333 4706 quorum
1353 4625 1496 4706 properie
1522 4625 1719 4690 Theodericus
1739 4648 1814 4709 pro-

191 4747 288 4829 cessit)
316 4750 397 4809 etc.
424 4748 476 4826 56,
502 4745 564 4808 288
594 4764 647 4806 nec
669 4745 722 4805 diu
745 4753 815 4825 post
836 4744 888 4807 hec
909 4781 952 4790 —
974 4748 1026 4827 57,
1053 4746 1115 4807 233
1138 4745 1271 4806 cudcciu
1293 4745 1391 4806 intrat
1415 4748 1448 4808 et
1470 4764 1497 4810 c.
1524 4749 1576 4828 57,
1603 4749 1665 4810 293
1688 4750 1815 4832 indeque

190 4868 364 4948 srcbrcptive
385 4902 428 4911 —
450 4865 545 4948 §295
569 4873 713 4947 rcpnotm·
735 4865 877 4927 nctsrcmit.
925 4862 1046 4928 variam
1070 4863 1237 4928 lectionem
1262 4869 1293 4927 61
1315 4862 1402 4928 misit
1424 4863 1504 4928 mihi
1533 4872 1565 4929 ot
1589 4865 1659 4948 ipsc
1689 4888 1814 4950 quoque

191 4987 292 5053 edidit
318 4987 453 5052 Carolus
476 4983 718 5066 Zangemeister
745 4984 779 5048 in
802 4984 904 5049 musei
928 4983 1073 5049 Rhenani
1100 4984 1163 5049 vol.
1191 4987 1230 5047 30
1260 4986 1363 5065 11875)
1391 5004 1424 5068 6.
1455 4989 1527 5048 309.
1581 5006 1642 5067 ego
1670 4996 1815 5071 praeter-

192 5108 265 5173 misi
301 5115 410 5192 utpote
443 5106 612 5190 desumpta
640 5124 681 5169 66
710 5104 791 5169 libro
828 5103 949 5169 ordinis
972 5104 1065 5189 primi
1088 5125 1200 5190 parum
1230 5104 1327 5184 bono,
1360 5104 1415 5186 qui
1445 5105 1628 5171 conveniret
1655 5107 1814 5174 interdum

279 5482 320 5543 03)
339 5482 471 5544 Spectmen
493 5487 547 5529 osto
569 5482 689 5543 praelatio
713 5496 737 5542 p.
763 5479 810 5535 53,
836 5480 851 5526 3
878 5480 993 5527 mhrrerta
1014 5480 1111 5538 nnuipii
1137 5505 1171 5514 —
1198 5480 1213 5528 4
1240 5481 1334 5527 cnrtute
1361 5481 1446 5527 tueare
1470 5507 1505 5515 —
1533 5480 1547 5527 5
1571 5481 1756 5530 ndbrmn'nttone
1781 5510 1816 5519 —

194 5567 207 5616 'i
227 5570 366 5630 nutibusque
384 5573 507 5628 pertarum
524 5594 557 5602 -
575 5564 610 5633 et]
628 5567 661 5614 nd
678 5593 713 5601 —
731 5581 845 5628 sepesque
862 5561 1057 5630 descendentem]
1075 5570 1176 5626 6166666
1188 5565 1358 5614 descendentia
1376 5592 1408 5602 —
1428 5571 1443 5614 s
1462 5566 1558 5615 duratis
1574 5594 1609 5602 —
1627 5585 1652 5631 p.
1668 5568 1710 5627 54,
1725 5571 1739 5618 4
1759 5576 1816 5618 unte

194 5655 236 5702 hoc
254 5681 289 5690 -
305 5659 392 5704 auctos
408 5680 442 5690 —
461 5653 476 5702 5
494 5668 523 5702 ea
541 5668 588 5702 om.
608 5680 643 5688 —
660 5649 701 5718 ne]
719 5659 741 5700 ct
759 5679 793 5687 —
811 5652 826 5700 8
845 5665 1036 5727 conumemorana
1056 5677 1084 5687 -
1105 5649 1191 5718 mens]
1209 5667 1254 5701 cro
1270 5677 1305 5685 —
1322 5650 1376 5701 Ιειῖιῑ
1394 5652 1481 5712 secur.
