4246 6082
907 342 1136 399 PRoodnrvn.
1710 343 1835 408 XXXV

213 567 326 654 ἱστορία
342 563 512 652 Βυζαντική
536 567 726 632 inscribatur
748 574 804 633 aut
821 563 965 653 Γοτῦικήε
994 567 1162 650 probabile
1184 574 1291 633 autem
1314 575 1363 634 est
1385 569 1438 633 vel
1459 568 1492 633 in
1508 567 1578 653 ipso
1592 567 1700 633 indice
1715 567 1836 633 Attilae

211 708 283 753 eum
305 707 421 753 nomen
444 687 601 772 posuisse,
628 707 699 752 curn
722 688 801 753 satis
825 694 947 754 constet
968 688 1112 754 Priscum
1135 695 1167 752 et
1188 688 1230 752 ab
1245 687 1346 753 Attila
1366 687 1526 771 incepisse
1549 695 1582 753 04
1603 687 1743 754 maxime
1766 690 1836 753 ela·

209 810 341 874 borasse
363 808 397 872 in
420 807 620 892 explicandis
643 809 738 873 rebus
760 808 865 891 regis,
899 807 941 873 ad
964 828 1059 892 quem
1088 807 1158 892 ipse
1188 828 1218 872 a.
1249 807 1417 873 44814404
1441 807 1567 891 legatos
1592 808 1651 873 ivit
1676 829 1834 892 quemque

210 934 338 1012 propter
368 947 440 992 eum
471 928 572 993 solum
602 927 648 993 ita
677 928 841 1010 norimus,
875 934 911 993 ut
938 949 979 994 ex
1007 948 1115 993 eorum
1143 930 1341 994 saeculorum
1365 927 1443 993 viris
1465 948 1528 994 non
1554 928 1706 993 Romanis
1732 928 1833 993 solius

209 1047 329 1113 Attilae
351 1046 461 1111 vivida
482 1047 589 1129 imago
612 1046 706 1113 hodie
729 1047 878 1131 supersit.
921 1048 1110 1133 perveniunt
1132 1048 1231 1113 Prisci
1255 1049 1436 1130 fragmenta
1457 1048 1499 1113 ad
1522 1069 1553 1113 a.
1573 1052 1629 1111 471
1658 1048 1834 1133 probabili-

209 1175 320 1250 terque
343 1173 486 1231 statuunt
509 1166 568 1231 viri
591 1166 675 1232 docti
698 1187 770 1231 eum
793 1166 974 1233 substitisse
998 1168 1093 1233 4410.
1119 1171 1199 1249 472,
1226 1188 1297 1233 cum
1321 1169 1467 1233 Malchos
1490 1167 1622 1252 incipiat
1643 1189 1665 1233 a
1686 1167 1833 1251 sequenti

210 1287 327 1351 Leonis
350 1261 557 1369 imperatoris
574 1286 709 1370 septimo
732 1285 856 1352 decimo
885 1287 1030 1370 (Mueller
1050 1288 1113 1352 vol.
1140 1293 1170 1350 4.
1183 1308 1215 1371 p.
1236 1290 1302 1370 09).
1338 1326 1380 1334 -
1414 1287 1645 1353 Priscianorum
1668 1287 1856 1373 egregiami

211 1414 334 1492 partem
357 1406 511 1471 Iordanes
534 1405 674 1471 servavit
695 1406 820 1471 duobus
844 1406 932 1490 locis,
963 1408 1088 1473 scilieet
1109 1407 1260 1474 historiae
1284 1409 1537 1492 vesegotharum
1561 1408 1695 1473 inscruit
1716 1406 1834 1472 indolis
1854 1396 1860 1474 ἲ

208 1527 328 1592 Attilae
357 1525 632 1591 adumbrationem
661 1533 693 1590 et
723 1526 960 1610 expeditionum
991 1527 1126 1593 duarum
1155 1527 1189 1592 in
1212 1527 1351 1593 Galliam
1376 1536 1597 1613 susceptarum
1619 1528 1832 1593 narrationem

208 1669 229 1712 a
251 1667 278 1712 c.
306 1651 358 1728 34,
389 1649 447 1709 178
470 1645 511 1710 acl
535 1666 563 1710 c.
590 1650 630 1710 43
646 1651 745 1728 extr.,
778 1645 1040 1730 Ostrogotharum
1063 1654 1169 1714 autem
1193 1650 1289 1714 rebus
1310 1670 1330 1712 a
1352 1669 1380 1713 c.
1406 1652 1458 1732 40,
1485 1652 1547 1712 254
1570 1648 1612 1714 ad
1636 1669 1664 1713 c.
1690 1653 1742 1728 50,
1769 1651 1831 1711 203

207 1766 397 1851 interposuit
418 1766 630 1831 narrationem
653 1766 694 1831 de
716 1773 816 1831 morte
830 1767 950 1832 Attilae
973 1775 1006 1833 et
1028 1769 1205 1851 sepultura,
1231 1768 1307 1834 item
1331 1768 1371 1833 de
1394 1768 1601 1834 dissolutione
1616 1767 1745 1852 imperii
1760 1775 1833 1851 post

205 1887 308 1972 ipsius
335 1887 456 1953 obitum
465 1888 518 1970 ⁶⁵).
565 1886 730 1968 utriusque
753 1887 815 1951 loci
837 1887 993 1972 principio
1009 1888 1136 1953 Priscus
1158 1888 1285 1954 nomine
1307 1889 1423 1954 citatur
1444 1887 1658 1971 exordiaque,
1691 1887 1849 1952 maxime·

207 2006 339 2091 prioris,
372 2006 577 2072 nullomodo
607 2026 679 2071 cum
708 2006 975 2090 praecedentibus
998 2008 1246 2091 coniunguntur,
1280 2008 1339 2073 sed
1361 2010 1459 2093 plane
1482 2010 1619 2093 abrupta
1641 2008 1847 2092 procedunt·

206 2126 280 2194 item
305 2127 544 2210 distinguuntur
566 2127 629 2192 duo
652 2126 712 2191 loci
735 2134 934 2209 argumento,
963 2128 1046 2210 quod
1071 2136 1170 2194 totum
1192 2128 1381 2215 4044144414
1403 2128 1555 2194 Attilanis
1577 2136 1609 2194 et
1631 2128 1717 2212 regis
1739 2129 1830 2193 Hun-

206 2267 318 2311 norum
342 2246 481 2311 indolem
504 2254 536 2311 et
558 2265 608 2311 res
630 2252 740 2328 gestas
764 2247 850 2311 solas
868 2247 1006 2331 respicit,
1034 2256 1068 2314 ut
1082 2249 1170 2333 apud
1184 2249 1353 2315 Iordanem
1368 2269 1472 2332 neque
1489 2248 1529 2314 de
1545 2248 1645 2314 Attila
1659 2250 1829 2332 quicquam

206 2367 349 2449 legatur,
375 2368 461 2449 quod
483 2387 545 2431 non
569 2366 610 2431 sit
632 2366 748 2448 Prisci,
775 2387 879 2448 neque
902 2368 1072 2449 quicquam
1096 2369 1215 2451 Prisci,
1241 2369 1326 2451 quod
1348 2390 1410 2433 non
1434 2368 1476 2433 sit
1498 2389 1569 2433 cum
1591 2368 1711 2433 Attilae
1734 2368 1830 2432 rebus

206 2487 419 2552 coniunctum.
459 2486 518 2552 sed
539 2470 679 2551 omnium
701 2486 840 2552 maxime
862 2487 969 2571 capita
991 2488 1072 2554 haec
1095 2488 1265 2571 distinguit
1287 2489 1415 2574 propria
1437 2488 1586 2553 nobilitas
1608 2496 1641 2554 04
1663 2488 1828 2570 egregium

206 2606 370 2699 scriptoris
392 2605 555 2690 ingenium
578 2626 616 2671 eo
639 2607 744 2688 magis
767 2607 923 2690 insignia,
954 2608 1039 2691 quod
1062 2616 1223 2690 tamquam
1247 2609 1334 2674 faces
1356 2629 1374 2673 0
1396 2608 1538 2674 tenebris
1561 2608 1726 2674 Prisciana
1749 2607 1830 2671 haec

205 2728 344 2794 emicant
366 2748 405 2792 ex
428 2726 631 2792 Iordanianis
654 2734 686 2792 et
707 2727 777 2792 luce
800 2726 928 2810 quidem
951 2728 1006 2792 vix
1027 2734 1199 2794 temerata:
1231 2750 1306 2793 nam
1328 2729 1412 2794 inter
1434 2729 1598 2793 Prisciana
1620 2728 1723 2808 locos,
1748 2747 1829 2810 quos
1852 2707 1855 2712 ⁵

204 2848 369 2932 probabile
393 2847 434 2912 014
450 2847 617 2912 Iordanem
640 2846 770 2912 aliunde
794 2846 980 2929 adscivisse,
1007 2869 1071 2912 non
1093 2848 1219 2933 repperi
1242 2848 1304 2913 nisi
1326 2855 1391 2913 4400
1399 2852 1451 2931 ⁶⁸),
1477 2849 1613 2932 primum
1633 2853 1731 2926 040,
1751 2850 1825 2928 209,

204 2969 258 3033 441
281 2968 432 3034 victoriae
455 2966 602 3032 meritum
625 2966 658 3030 in
681 2965 802 3050 proelio
825 2966 859 3031 in
882 2967 1005 3050 campis
1021 2968 1239 3033 Catalaunicis
1261 2969 1382 3052 pariter
1403 2975 1500 3050 atque
1521 2969 1555 3033 in
1578 2967 1726 3032 chronico
1746 2966 1828 3031 Cas-

204 3087 384 3153 siodoriano
410 3088 495 3153 male
524 3085 567 3151 ad
589 3086 711 3151 Gothos
740 3085 892 3168 trahitur,
926 3087 1061 3151 alterum
1091 3087 1132 3152 de
1162 3108 1268 3172 papae
1290 3087 1409 3154 Leonis
1437 3087 1481 3153 ad
1502 3087 1634 3153 Attilam
1666 3085 1827 3169 legatione

203 3231 232 3274 c.
257 3212 310 3289 42,
337 3210 399 3271 223
425 3227 465 3272 ex
488 3206 636 3290 Prosperi
665 3205 812 3272 chronico
841 3213 986 3289 auctum,
1019 3207 1148 3272 tertium
1177 3208 1219 3273 de
1249 3208 1348 3274 caede
1371 3208 1492 3274 Bledae
1515 3229 1544 3274 c.
1571 3211 1622 3289 35,
1652 3210 1730 3289 181,
1763 3226 1825 3270 444

202 3309 276 3394 tam¹
290 3328 376 3409 quod
399 3326 470 3391 0140
492 3333 659 3411 praeterea
681 3325 741 3391 soli
764 3327 898 3392 annales
917 3328 1052 3392 Romani
1073 3329 1285 3395 meminerunt
1306 3351 1402 3411 quam
1425 3328 1512 3412 quod
1534 3327 1693 3393 sententia
1715 3326 1827 3392 addita

207 3448 360 3513 ‘librante
382 3446 506 3512 iustitia
528 3446 712 3528 detestabili
735 3446 876 3511 remedio
898 3455 1094 3514 crescentem
1117 3448 1278 3515 deformes
1301 3449 1407 3515 exitus
1428 3448 1603 3514 invenisse'
1629 3448 1728 3513 Prisci
1751 3467 1826 3529 gra·

200 3568 294 3634 citati
323 3575 355 3632 et
385 3566 582 3650 simplicitati
611 3586 723 3650 parum
754 3567 912 3632 convenit.
969 3588 1073 3651 neque
1103 3569 1187 3633 enim
1219 3576 1364 3635 auctores
1393 3577 1459 3636 tarn
1489 3568 1663 3633 dissimiles
1693 3567 1826 3650 cogitari

202 3694 335 3774 possunt
356 3708 452 3768 quam
475 3686 525 3750 sui
548 3685 716 3751 dissimilis
739 3693 788 3751 est
810 3687 979 3769 Iordanes,
1013 3688 1136 3754 scilicet
1165 3688 1309 3773 vulgaris
1332 3697 1364 3755 et
1386 3689 1581 3754 Priscianus.
1627 3688 1696 3753 illic
1718 3686 1825 3752 omnia

201 3807 300 3873 exilia
321 3805 445 3871 hiantia
466 3806 623 3871 tumentia
646 3806 755 3871 luxata
778 3808 913 3872 obscura
936 3807 1143 3891 interpolata:
1171 3809 1224 3874 hic
1245 3809 1386 3874 narratio
1409 3816 1492 3874 recte
1508 3816 1539 3873 et
1555 3808 1651 3892 plane
1668 3807 1822 3891 procedit.

201 3927 442 4012 interponuntur
464 3925 624 3991 orationes
647 3926 828 4009 similiaque
857 3927 898 4010 (p.
928 3932 997 4008 107,
1024 3931 1055 3992 3.
1084 3934 1154 4010 140,
1184 3933 1234 3993 12.
1264 3933 1333 4008 124,
1364 3932 1427 4011 131,
1455 3929 1571 4009 quibus
1594 3948 1697 3992 rerum
1722 3933 1824 3992 status

200 4047 319 4131 optime
342 4046 521 4130 explicatur
543 4053 575 4110 et
596 4066 734 4128 magnae
758 4066 809 4111 res
832 4046 992 4128 condigna
1013 4049 1172 4130 grauitate
1194 4050 1411 4128 illustrantur,
1445 4056 1480 4114 ut
1510 4047 1757 4132 pulcherrimum
1781 4046 1822 4112 de

198 4167 300 4232 Attila
322 4173 444 4231 mortuo
467 4186 595 4231 carmen
618 4185 728 4230 omnes
750 4165 926 4230 Alexandri
948 4167 1150 4233 laudationes
1174 4169 1267 4251 longe
1291 4176 1364 4252 post
1392 4189 1427 4234 se
1450 4168 1610 4251 relinquit.
1660 4167 1821 4232 variorum

200 4287 387 4371 populorum
411 4286 621 4371 proprietates
639 4292 724 4351 recte
741 4285 979 4369 distinguuntur
993 4287 1206 4371 notabilisque
1222 4295 1272 4354 004
1286 4291 1376 4354 10040
1392 4310 1424 4373 p.
1445 4293 1517 4371 425,
1537 4292 1576 4351 20
1601 4289 1641 4353 de
1663 4308 1822 4352 armorum

200 4405 398 4472 diversitate.
443 4406 588 4472 homines
611 4405 828 4490 depinguntur
849 4405 890 4471 ad
914 4407 1012 4472 vitam
1036 4414 1069 4473 et
1089 4428 1199 4474 verum
1232 4413 1273 4494 (p.
1303 4414 1372 4490 105,
1403 4414 1452 4473 15.
1489 4414 1559 4492 110,
1589 4414 1617 4472 1.
1654 4411 1725 4491 123,
1755 4409 1818 4491 18),

200 4545 318 4591 004000
340 4546 446 4590 rerum
468 4526 671 4608 rationesque
693 4532 726 4591 et
746 4525 847 4610 perite
869 4525 1051 4592 indicantur
1073 4534 1105 4592 04
1127 4529 1295 4612 religiose,
1322 4530 1455 4612 utquid
1477 4530 1509 4593 in
1533 4530 1713 4595 coniectura
1735 4528 1823 4613 posi-

198 4653 265 4711 tum
289 4646 339 4727 sit,
365 4666 428 4711 non
449 4651 595 4710 40000444
622 4645 676 4727 (140
698 4645 739 4710 dc
762 4645 882 4711 Attilae
904 4646 1040 4711 militum
1063 4668 1195 4713 numero
1218 4670 1250 4732 p.
1279 4654 1349 4732 105,
1373 4654 1421 4732 12,
1448 4649 1488 4714 dc
1511 4670 1593 4734 pyra
1614 4625 1647 4734 p.
1676 4652 1817 4731 112,19,

199 4765 239 4832 de
262 4766 403 4830 Honoria
425 4787 457 4850 p.
488 4769 651 4849 115,11).
699 4785 803 4831 sermo
826 4787 952 4848 quoque
975 4773 1059 4832 totus
1082 4766 1200 4832 differt.
1247 4769 1426 4835 sententiae
1455 4769 1715 4853 interponuntur,
1748 4770 1822 4834 rhe-

197 4881 274 4951 toris
305 4906 400 4970 sane,
437 4905 531 4968 quern
562 4885 663 4950 locum
692 4885 835 4950 Priscum
864 4887 1007 4952 tenuisse
1037 4887 1189 4972 traditur,
1225 4888 1310 4954 14040
1343 4889 1575 4971 frequentiores
1605 4911 1664 4954 neo
1694 4910 1821 4974 semper

286 5216 327 5281 65)
349 5216 463 5264 Fortasse
481 5230 544 5278 quac
561 5217 592 5263 de
611 5217 670 5264 tiliis
688 5216 783 5265 Attilae
801 5218 918 5267 Iordanes
936 5219 1012 5267 habet
1029 5232 1050 5267 c.
1073 5217 1114 5278 50,
1136 5217 1195 5269 roo.
1221 5220 1263 5279 53,
1284 5220 1333 5268 212
1355 5221 1395 5281 (ci.
1417 5219 1458 5282 52,
1479 5220 1555 5283 2081,
1578 5222 1639 5269 Item
1658 5221 1689 5269 40
1708 5220 1819 5269 Priscum

198 5301 319 5363 redeunt,
347 5316 402 5349 curn
422 5304 568 5363 praesertIm
587 5304 612 5349 in
632 5300 767 5351 PrIscinnis
785 5306 910 5366 excerptis
928 5306 986 5354 aliis
1004 5306 1120 5353 0144111404
1138 5313 1213 5366 atque
1231 5307 1296 5369 apud
1315 5306 1445 5353 Iordanem
1464 5307 1596 5366 Dingizich
1618 5307 1733 5355 1404444414
1753 5309 1819 5355 1410-

197 5390 253 5435 0444
276 5394 409 5450 44444044,
435 5388 534 5436 1144404
559 5390 638 5446 magis
655 5391 758 5437 04441040.
797 5392 824 5438 in
842 5391 986 5438 enarrandis
1005 5394 1078 5438 rebus
1097 5392 1226 5440 Moesiacis
1244 5399 1269 5440 ct
1288 5393 1413 5440 Thraciris
1432 5397 1487 5452 post
1505 5394 1598 5440 Attilae
1617 5407 1748 5442 excessum
1768 5395 1819 5440 Ior-

196 5472 274 5522 04400
292 5473 369 5521 relata
386 5475 452 5535 apud
470 5475 580 5522 Priscum
599 5480 626 5522 et
643 5476 691 5523 sibi
711 5477 760 5536 ipsi
779 5477 832 5523 4104
849 5481 875 5523 04
893 5476 980 5524 andita
998 5479 1206 5525 contaminavisse
1225 5479 1331 5527 ridetur.

283 5559 325 5620 66)
346 5560 475 5608 Accedunt
493 5560 533 5608 410
551 5561 647 5607 minora
664 5561 750 5609 studio
762 5561 865 5609 Gothico
884 5564 966 5609 144444
985 5577 1014 5609 04
1032 5577 1095 5623 quae
1114 5578 1170 5610 mox
1190 5570 1412 5622 commemorantur,
1434 5565 1493 5612 item
1507 5566 1644 5613 4414414444
1661 5580 1692 5613 04
1709 5567 1739 5614 de
1757 5567 1816 5627 qni-

106 5648 115 5657 '
197 5645 244 5695 bus
262 5647 345 5706 agitur
362 5661 388 5710 p.
409 5647 530 5695 XXXIX.

1574 5753 1611 5805 Q*
