4246 6082
68 318 111 376 22
778 310 959 370 loaDAurs

65 501 144 586 riguis
169 503 276 587 populi
306 500 463 585 dignitate
490 503 699 588 interceptam
725 508 917 588 tempestate
940 502 1107 567 victoriam
1130 509 1163 568 et
1183 502 1379 589 triumphum
1400 504 1529 589 perisse
1554 504 1705 571 nauita

62 606 125 688 giu.
163 618 197 671 et
215 616 322 672 tamen
344 626 415 671 cum
437 606 578 671 Punicae
600 606 741 690 praedae
764 606 911 672 omnibus
933 605 1157 690 promuntoriis
1179 605 1358 689 insulisque
1379 605 1558 688 fluitarent,
1586 626 1706 693 popu-

3 706 44 765 76
60 707 110 772 lus
131 709 291 773 &manus
318 717 351 775 et
379 709 425 773 sio
451 708 672 793 triumphavit.
720 707 848 774 Lutatio
870 708 985 774 Catulo
1011 708 1142 773 consule
1164 708 1295 774 tandem
1317 709 1403 775 bello
1424 708 1500 775 linis
1522 709 1701 796 inpositus
1714 723 1869 773 nomas:

58 811 144 894 apud
164 811 305 886 insulas,
337 811 454 895 quibus
475 831 590 876 nomen
612 813 769 876 Aecatae:
804 830 864 876 nec
887 810 989 875 maior
1009 811 1093 875 alias
1114 809 1148 875 in
1171 811 1251 875 mari
1273 831 1397 895 pugna:
1427 812 1544 879 aderat
1567 812 1702 901 quippe
1717 838 1737 868 e·
1752 828 1779 868 δι

28 914 283 980 ιωιιιιιιειιῆὴιιε
304 916 443 1003 exercito
465 914 715 1000 propugnaculis
737 912 836 978 armis
858 912 968 995 gravis
990 913 1104 979 classis
1130 912 1217 979 etin
1240 933 1280 979 ea
1301 915 1393 998 quasi
1415 922 1484 982 tota
1505 915 1697 1001 Chartago,

57 1017 143 1100 qnod
168 1018 275 1102 ipsum
303 1018 401 1084 eritio
429 1016 499 1083 fuit.
546 1018 690 1082 Romarm
719 1016 836 1081 classis
866 1022 1013 1101 prompta
1041 1016 1123 1081 levis
1152 1017 1305 1101 expedita
1333 1023 1367 1083 et
1393 1017 1533 1101 quodam
1566 1038 1700 1103 genere
1713 1043 1734 1074 e·
1749 1036 1776 1074 ιι

57 1121 229 1186 murensis
257 1121 300 1186 ad
330 1120 569 1186 similitudinem
596 1140 726 1205 pugnae
756 1119 914 1203 equestris
944 1119 991 1184 sic
1020 1119 1117 1185 remis
1147 1120 1241 1202 quasi
1269 1120 1382 1185 avenis
1409 1123 1572 1204 agebatur
1595 1130 1632 1188 et
1661 1123 1698 1189 in

57 1223 116 1287 bos
144 1225 195 1289 sel
224 1224 298 1289 illos
327 1224 409 1290 ictus
439 1222 571 1289 mobilia
599 1229 701 1288 rostra
731 1222 871 1307 speciem
898 1220 1074 1286 viventium
1103 1221 1339 1306 praeferebant.
1385 1222 1496 1307 itaque
1521 1232 1698 1291 momento
1711 1248 1732 1281 e·
1748 1240 1775 1281 ιι

56 1326 206 1411 temporis
236 1328 395 1393 laceratae
418 1327 556 1393 bostium
578 1333 665 1392 rates
687 1331 787 1391 totum
814 1325 898 1390 inter
920 1325 1064 1389 Siciliam
1087 1324 1331 1407 Sardiniamque
1354 1326 1491 1411 pelagus
1512 1327 1697 1413 naufragio

9 1445 38 1483 ιι
57 1448 116 1493 suu
142 1438 343 1514 operuerunt.
390 1435 480 1496 tanta
509 1429 648 1512 denique
678 1427 740 1493 fuit
760 1427 819 1492 illa
841 1427 990 1509 victoria,
1022 1434 1057 1493 ut
1079 1426 1119 1492 de
1142 1426 1330 1492 excidendis
1353 1427 1492 1494 hostium
1515 1430 1695 1497 moenibus
1708 1456 1729 1486 e·
1744 1446 1771 1488 ιι

56 1552 118 1597 non
148 1540 363 1615 quaereretur.
410 1552 643 1618 supervacuum
673 1531 777 1596 visum
808 1537 857 1595 est
886 1530 919 1595 in
948 1549 1056 1595 arcem
1085 1548 1255 1612 murosque
1282 1531 1425 1614 saeuire,
1459 1552 1532 1598 cum
1563 1532 1695 1601 iamin

56 1635 136 1700 mari
159 1645 245 1704 esset
267 1636 376 1702 deleta
398 1636 569 1718 Cbartago.
896 1635 899 1639 ’

20 1738 37 1797 7
141 1741 272 1806 Peracto
303 1739 331 1805 si
354 1739 484 1821 quidem
507 1737 627 1803 Punico
658 1742 691 1802 et
718 1756 778 1801 nec
808 1736 883 1801 dum
915 1735 1104 1818 quantulum
1132 1735 1288 1820 respiraro
1318 1736 1462 1821 sequitur
1483 1738 1689 1824 Liguricum.
1706 1754 1727 1803 ι,
1744 1760 1765 1803 ³.
1781 1757 1822 1798 ι.ι

53 1861 127 1907 nam
151 1842 286 1927 Ligures
315 1842 348 1908 hi
378 1842 451 1907 imis
473 1841 605 1925 Alpium
634 1839 720 1923 iugis
750 1838 965 1904 adhaerentes
993 1839 1078 1903 inter
1099 1839 1217 1902 Varum
1242 1839 1450 1924 Magramque
1473 1860 1604 1908 amnem
1626 1844 1695 1909 im-

7 1961 36 2002 ιι
54 1944 183 2028 plicitos
212 1945 318 2011 dumis
348 1944 549 2010 silvestribus
579 1942 786 2023 victitabant,
819 1960 899 2024 quos
929 1959 1011 2025 pene
1041 1940 1145 2005 maius
1175 1940 1235 2006 fuit
1256 1941 1399 2008 invenire
1420 1963 1518 2025 quam
1540 1945 1689 2014 vincere.

54 2047 112 2114 tuti
144 2048 171 2113 si
194 2048 324 2132 quidem
352 2048 432 2113 locis
463 2054 496 2112 et
526 2046 604 2129 luga
634 2045 749 2110 durum
778 2048 874 2125 atque
896 2044 991 2108 velox
1013 2062 1117 2126 genus
1140 2064 1180 2108 ex
1202 2043 1369 2111 occasione
1390 2045 1557 2113 latrocinia
1579 2044 1694 2134 magis
1744 2072 1750 2081 ·

53 2170 149 2234 quam
171 2151 259 2216 bella
282 2151 454 2216 iaciebant.
502 2149 610 2232 itaque
634 2169 705 2213 curn
729 2146 784 2212 diu
807 2148 1006 2230 multumque
1028 2146 1196 2212 eluderent
1218 2148 1301 2212 saltu
1326 2148 1388 2213 viis
1409 2149 1576 2217 Decilates
1595 2152 1692 2219 Oru—
1705 2172 1756 2208 ο-τ»

54 2253 97 2319 vii
121 2255 268 2320 Budates
290 2253 438 2337 Ingauni,
465 2252 595 2316 tandem
619 2248 753 2316 Fulvius
776 2250 918 2315 latebras
941 2269 1049 2314 comm
1071 2249 1142 2329 igni
1165 2249 1277 2334 sepsit,
1303 2250 1423 2316 Bobius
1444 2271 1521 2318 vero
1536 2254 1571 2319 in
1586 2255 1693 2340 plana

7 2376 35 2414 ιι
55 2355 198 2439 deduxit,
225 2356 407 2422 Postumius
429 2355 477 2421 ita
499 2353 687 2434 exarmavit,
714 2360 749 2417 ut
771 2352 825 2416 vlu
849 2352 1013 2435 reliquerit
1035 2351 1164 2427 terrum,
1191 2372 1253 2435 quo
1275 2359 1361 2419 terra
1383 2354 1550 2421 coleretur.

0 2462 35 2522 r8
140 2461 216 2526 Post
243 2480 323 2543 quos
348 2480 422 2525 uror
445 2456 544 2523 Galli.
592 2456 781 2521 Insubribus
812 2461 844 2519 et
872 2454 922 2518 bis
945 2454 1074 2538 Alpium
1101 2454 1216 2519 incolis
1237 2454 1337 2521 animi
1359 2456 1517 2541 feramm,
1550 2476 1785 2546 corporatur

54 2563 127 2648 plus
154 2583 250 2647 quam
280 2564 420 2628 humana
448 2567 556 2636 erant,
591 2558 649 2624 scd
680 2558 898 2643 experimento
921 2556 1177 2641 ‹lopraelrensum
1201 2565 1261 2622 est.
1307 2558 1427 2644 quippe
1447 2559 1552 2627 virtus
1573 2582 1689 2631 eorum

54 2667 136 2732 sicut
168 2667 271 2752 primo
303 2665 424 2751 impetu
453 2663 554 2729 maior
582 2682 678 2746 quam
707 2661 848 2725 viromm
879 2666 944 2741 est,
978 2661 1024 2724 ita
1053 2679 1191 2743 sequens
1221 2661 1323 2726 minor
1351 2681 1447 2745 quam
1477 2662 1687 2733 feminarum.

53 2768 172 2855 Alpina
194 2789 326 2855 corpmra
348 2768 499 2833 humente
523 2766 614 2831 caelo
637 2763 775 2829 educata
798 2763 919 2828 babent
941 2761 1096 2844 quiddam
1119 2763 1224 2827 simile
1247 2764 1376 2830 nivibus
1399 2765 1480 2831 suis:
1511 2786 1584 2832 cum
1608 2788 1687 2835 mox
1701 2786 1751 2828 cr

0 2873 35 2933 ι9
53 2874 181 2939 caluere
203 2893 324 2957 pugna,
351 2871 458 2938 statim
481 2869 514 2935 in
538 2868 687 2933 sudorem
711 2873 843 2932 cuntot
866 2865 929 2930 levi
953 2872 1039 2931 motu
1063 2864 1155 2948 quasi
1180 2866 1248 2931 sole
1271 2867 1432 2933 laxantur.
1471 2868 1505 2933 bi
1528 2888 1630 2957 saepe
1652 2880 1751 2939 etse

3 2975 136 3041 malias
165 2983 198 3041 et
220 2976 412 3041 Brittomaro
442 2973 525 3038 (luce
553 2992 616 3036 nou
645 2971 734 3055 prius
755 2969 914 3054 posituros
938 2986 973 3032 se
995 2968 1104 3033 baltea
1126 2988 1222 3051 quam
1245 2968 1438 3052 Capitolium
1459 2972 1689 3041 ascendissent

52 3079 248 3144 iuraverant.
294 3079 413 3143 lactum
436 3081 544 3141 autem
568 3081 634 3155 est,
668 3080 700 3138 et
728 3073 830 3137 uictos
853 3091 910 3135 eos
932 3071 1068 3136 Emilius
1090 3071 1125 3136 in
1148 3070 1309 3155 Capitolio
1333 3071 1495 3139 discinxit.
1542 3081 1575 3142 et
1595 3077 1685 3159 quod
1700 3095 1748 3135 αι

53 3180 119 3246 dux
141 3202 250 3246 eorum
273 3181 314 3246 de
337 3182 481 3245 Romano
504 3177 599 3242 militi
621 3175 774 3261 praedam
797 3173 892 3239 Marti
915 3193 974 3239 suo
996 3181 1140 3256 torquem
1163 3193 1296 3240 aureum
1320 3174 1519 3260 devotasset,
1544 3178 1688 3247 interce-

53 3283 101 3369 pit
129 3284 273 3369 luppiter
309 3290 417 3349 votum
454 3288 487 3346 et
517 3280 557 3345 do
588 3279 657 3344 eius
685 3278 787 3363 ipsius
817 3276 1029 3342 ariobistonis
1058 3276 1291 3358 relicorumque
1323 3276 1489 3344 Gallomm
1517 3280 1688 3365 torquibus

53 3405 186 3451 aureum
220 3392 366 3471 tropeum
399 3384 467 3449 lovi
500 3383 605 3448 erexit
632 3380 854 3446 Flamminius.
901 3400 958 3443 rex
992 3399 1118 3462 quoque
1151 3400 1259 3445 eorum
1289 3381 1509 3447 Viridomarus
1537 3383 1686 3449 Romarm
1700 3406 1749 3444 aa

4 3508 34 3550 uo
54 3508 144 3553 arma
165 3488 309 3553 Vulcano
331 3486 555 3573 promisserat:
589 3483 742 3549 aliorsum
764 3489 839 3547 vota
861 3481 1055 3546 ceciderunt.
1098 3479 1204 3547 occiso
1227 3481 1312 3546 enim
1334 3503 1373 3548 eo
1395 3484 1568 3551 blaroellus
1589 3486 1686 3552 tertio

52 3598 125 3676 post
146 3596 269 3675 patrem
292 3589 461 3655 Romulum
485 3587 627 3653 Feretrio
650 3585 720 3651 Iovi
742 3584 850 3668 opima
872 3583 1051 3668 suspendit.

0 3700 34 3761 :0
138 3694 255 3778 Illyres
286 3700 413 3775 autem,
447 3690 481 3757 id
503 3697 553 3755 est
574 3689 700 3770 Veneti,
727 3707 784 3752 seu
808 3687 964 3752 Liburnes
987 3687 1046 3751 sub
1069 3686 1221 3752 extremis
1244 3686 1374 3771 Alpium
1397 3688 1560 3755 radicibus
1581 3698 1780 3775 aguntaar

51 3797 136 3863 iuter
157 3796 285 3861 Arsiam
308 3794 516 3877 Titulumque
539 3792 656 3858 flumen
680 3790 887 3875 longissimae
909 3809 968 3874 per
995 3795 1095 3855 totum
1119 3789 1254 3855 Adriani
1276 3791 1374 3856 maris
1396 3792 1473 3857 litus
1495 3793 1602 3859 effusi.
1648 3794 1684 3861 bi
1699 3814 1748 3856 er

52 3905 207 3983 regnante
237 3900 385 3964 Teutana
417 3897 552 3962 muliere
585 3894 845 3981 populationibus
879 3913 943 3957 non
978 3892 1116 3958 contenti
1151 3892 1299 3958 licentiae
1332 3894 1440 3960 scelus
1472 3893 1681 3964 addiderunt.

3 4002 179 4086 relegatos
202 4001 321 4086 quippe
343 4002 515 4081 Romanos,
542 4000 583 4064 ob
606 4019 646 4064 ea
668 4003 750 4082 quae
774 3996 978 4079 deliquerant
998 3995 1067 4059 iure
1089 4000 1235 4077 agentes,
1260 4016 1302 4061 ue
1323 3997 1433 4080 gladio
1455 3995 1597 4081 quidem,
1623 3998 1684 4066 sed
1697 4022 1747 4063 aa

54 4112 90 4171 ut
118 4104 265 4170 victimas
297 4102 401 4169 securi
429 4101 628 4187 percutiunt,
659 4099 839 4186 praefectos
866 4097 998 4163 navium
1024 4097 1091 4180 igni
1114 4098 1291 4163 conburunt
1311 4097 1409 4182 idque
1431 4119 1493 4184 quo
1514 4099 1684 4184 indignius

54 4207 152 4289 soret,
178 4206 295 4271 mulier
316 4203 497 4291 imperavit.
543 4203 652 4287 itaque
676 4203 767 4268 Gneo
788 4200 904 4266 Fulvio
927 4200 1110 4267 Gentimalo
1134 4200 1215 4266 duce
1238 4200 1304 4266 late
1327 4199 1505 4268 domantur.
1551 4203 1683 4271 strictae
1697 4227 1746 4269 er

54 4329 184 4376 secures
206 4309 239 4373 in
263 4308 441 4393 principum
465 4306 549 4372 colla
570 4307 749 4390 legatorum
771 4304 921 4370 manibus
943 4303 1090 4369 litavere.

138 4605 166 4652 Η
177 4604 201 4652 Ρ
216 4605 268 4653 Vl.
284 4605 373 4666 11911111
393 4603 424 4651 10
443 4605 469 4650 in
488 4605 642 4663 operuerunt
660 4600 729 4649 Motu
746 4614 798 4648 noa
817 4597 952 4661 indicato),
979 4596 1074 4647 Paulus
1092 4597 1115 4646 b.
1136 4596 1167 4646 lt.
1188 4598 1213 4658 3,
1235 4598 1252 4644 9
1273 4597 1314 4659 120
1332 4599 1398 4648 Galli
1415 4626 1449 4635 -
1467 4597 1500 4649 29
1517 4598 1621 4663 erexit).
1649 4627 1686 4637 -

54 4691 119 4741 Mur.
139 4708 164 4754 p.
180 4679 243 4740 230⁶
261 4707 285 4738 u.
302 4691 333 4740 14
352 4691 465 4749 Ligures.

141 4835 150 4885 1
179 4837 331 4897 dlgnltatem
350 4834 422 4882 HPV
560 4831 576 4881 9
600 4833 804 4897 promuntortbus
824 4831 845 4878 1.
985 4830 1000 4878 3
1019 4831 1111 4877 lucrtlo
1129 4829 1151 4876 1.
1290 4829 1305 4879 A
1325 4826 1436 4896 temtus]
1456 4828 1536 4890 rrl’V,
1560 4834 1644 4879 aetate
1663 4830 1686 4880 1.

53 4918 207 4988 benercito]
226 4922 282 4970 libri
405 4918 419 4967 7
439 4915 541 4985 auenls]
558 4919 615 4967 libri
622 4934 630 4964 .·
649 4917 675 4966 ul
693 4922 728 4966 cst
747 4916 852 4964 habenis
974 4915 990 4963 9
1008 4916 1100 4964 alelllas
1118 4915 1265 4976 dlnlamqne
1285 4914 1307 4962 L
1437 4914 1463 4965 ll
1485 4915 1582 4964 archam
1602 4916 1652 4965 ΗΡ

52 5008 217 5070 seulraeHP‚
233 5006 353 5055 ssuirol'
457 5006 487 5054 13
506 5006 624 5054 alumi.
730 4999 834 5071 punico]
845 5002 873 5050 P.
889 5004 953 5050 bello
968 5003 1033 5050 Flos.
1135 5002 1271 5060 lyguricum
1285 5001 1359 5049 HPV
1462 5001 1492 5051 lt
1512 5002 1652 5063 lyguresll

52 5095 78 5144 bl
96 5090 166 5160 lmls]
183 5093 238 5154 ΗΡ,
259 5093 349 5141 biemls
369 5092 402 5139 l':
423 5093 480 5139 lmls
501 5093 587 5139 Florus
702 5090 731 5138 lb
750 5090 811 5138 dum
831 5089 869 5136 bls
887 5090 983 5136 Vltor.
1001 5087 1108 5148 (Bumb.)
1230 5086 1260 5135 16
1279 5101 1339 5147 gens
1358 5087 1380 5135 P
1482 5088 1629 5137 amauricus
1646 5090 1682 5153 11,

51 5181 214 5230 boccansloue
234 5180 256 5227 Ρ
363 5178 390 5226 li
411 5177 475 5225 saltu
494 5174 556 5244 ulls]
572 5177 635 5226 salut
656 5176 722 5225 Flor.
740 5175 859 5237 (Romu),
881 5175 961 5223 saltus
981 5175 1046 5222 Flor.
1064 5172 1162 5234 (Nealz
1184 5174 1360 5233 intellegantur
1372 5172 1480 5221 Seducit
1585 5172 1617 5223 l8
1634 5176 1686 5225 ltu·

52 5269 111 5316 ulus
135 5267 156 5313 V
290 5264 320 5314 19
339 5265 474 5326 poatuulus
492 5263 565 5311 HPV
694 5262 724 5312 21
745 5279 760 5310 a
777 5267 850 5310 eraut
869 5264 896 5310 r'n
914 5263 991 5308 lituro
1010 5259 1033 5306 P
1160 5257 1192 5307 23
1211 5258 1312 5318 quidam
1337 5258 1357 5304 V
1485 5258 1519 5309 26
1534 5264 1575 5308 est
1591 5272 1642 5311 usn,
1662 5260 1687 5309 Ρ

52 5352 82 5404 27
102 5354 195 5416 praeda
214 5353 286 5400 marti
304 5351 376 5398 HPV
485 5348 517 5398 28
536 5343 705 5414 ariobistouls]
726 5348 782 5396 librt'
801 5346 1002 5407 laustrano,
1024 5344 1143 5392 ariobisto
1160 5344 1223 5392 duce
1243 5344 1308 5393 Flor.
1325 5342 1433 5404 (samu.)
1539 5346 1687 5395 relluorum-

51 5436 113 5506 qus]
131 5439 188 5499 ΗΡ,
208 5439 410 5499 reliquumrnque
429 5436 469 5483 Vl.
572 5433 606 5483 19
625 5435 750 5482 flaminius
768 5434 808 5494 (V)
917 5433 956 5481 311·
969 5433 1042 5480 tertia
1064 5431 1152 5478 Florus
1265 5428 1297 5477 32
1317 5429 1371 5478 ides
1389 5428 1462 5477 HPV
1562 5431 1686 5483 extranta

51 5514 145 5587 mlv,
164 5540 196 5575 ex
215 5522 339 5572 murat*
443 5521 476 5571 35
495 5516 619 5586 romanos]
637 5526 734 5569 nostros
754 5520 820 5569 Flor.
927 5519 960 5568 36
978 5514 1073 5583 securri]
1091 5516 1128 5563 bis
1146 5516 1173 5562 li
1275 5518 1404 5578 nauigium
1424 5515 1451 5563 11
1552 5514 1584 5565 31
1603 5518 1686 5569 tulna
1710 5528 1716 5541 ·

56 5613 76 5659 l'
178 5604 325 5674 geutlmalo]
345 5607 513 5655 HPVl'torur
530 5607 634 5667 (aomo.)
747 5606 780 5656 38
799 5601 954 5671 principum]
973 5605 1067 5664 sunu,
1088 5603 1241 5664 principium
1262 5601 1334 5648 HPV
