4246 6082
945 287 1174 347 PROOElleM.
1730 292 1871 357 LXXIII

246 536 266 580 a
295 516 384 579 nullo
412 535 531 599 genere
561 516 714 580 librorum
748 515 843 600 piane
878 514 1103 596 abbonet¹¹⁴}‚
1139 514 1174 579 in
1208 513 1382 579 secundum
1417 521 1449 578 et
1479 512 1606 578 tertium
1640 515 1740 580 mulio
1767 515 1872 599 magis

246 655 343 717 quam
365 635 399 699 in
421 636 557 720 primum
580 635 691 706 cadat,
724 654 962 718 consensusque
991 634 1118 700 illorum
1147 633 1300 698 librorum
1330 632 1452 698 nuliam
1480 633 1546 698 vim
1576 633 1711 714 habeat,
1744 634 1799 699 ubi
1830 635 1872 700 ad

245 754 502 840 interpolationis
524 754 777 820 communionem
804 755 948 821 revocari
969 758 1145 839 potest¹¹⁵).
1186 752 1350 818 solitariae
1373 760 1480 817 antem
1504 752 1701 836 singulorum
1720 754 1872 820 librorum

247 875 400 940 lectiones
429 875 475 940 ita
497 882 716 959 comparatae,
749 882 784 939 ιιι
810 872 954 941 eiusdem
977 873 1098 940 ordinis
1119 872 1236 955 reliqui
1258 871 1332 937 libri
1355 891 1427 937 cum
1451 871 1582 955 reliquis
1605 873 1770 939 ordinibus
1793 894 1872 940 oon-

246 994 396 1076 sentiant‚
422 995 509 1059 insta
529 994 717 1059 auctoritate
740 993 955 1060 destituuntur
976 994 1131 1078 originem
1155 993 1310 1058 habentes
1332 998 1388 1057 aui
1410 1011 1547 1057 errorem
1566 1000 1623 1058 aut
1645 994 1869 1060 coniecturam.

245 1151 289 1160 —
310 1114 386 1178 Post
409 1112 651 1180 fundamentum
674 1113 820 1186 iectionis
842 1113 981 1198 positum
995 1114 1081 1197 quod
1102 1113 1215 1199 incipit
1237 1111 1489 1179 coniecturarum
1506 1118 1539 1176 ei
1553 1111 1769 1197 opinationum
1783 1133 1872 1179 mure

247 1253 397 1316 magnum
421 1241 454 1299 ei
475 1242 669 1318 aestuosum,
696 1235 738 1299 ab
761 1254 799 1300 eo
820 1241 975 1317 quantum
998 1232 1068 1299 fieri
1090 1241 1195 1318 potest
1217 1230 1376 1308 abstinni;
1401 1231 1448 1296 ita
1469 1230 1554 1296 enim
1576 1240 1686 1298 auctor
1707 1252 1873 1317 compara-

245 1361 297 1418 tus
320 1361 380 1436 est,
405 1360 441 1418 ιιι
462 1353 548 1420 iusta
569 1354 603 1418 in
624 1354 786 1439 plerisque
808 1354 936 1439 scriptis
958 1353 1156 1420 ratiocinatio
1179 1352 1295 1418 nimios
1318 1370 1441 1417 errores
1463 1357 1495 1416 et
1512 1350 1718 1418 incredibiles
1733 1352 1872 1438 ineptias

245 1493 309 1537 non
332 1474 470 1539 auctoris
492 1493 575 1556 esse,
602 1473 660 1539 sed
682 1473 884 1539 librariorum
905 1474 940 1539 in
963 1472 1101 1539 Iordane
1122 1473 1169 1538 ita
1192 1471 1339 1554 deficiat,
1365 1477 1400 1536 nt
1421 1469 1515 1536 lectio
1537 1491 1600 1553 quo
1622 1473 1726 1555 magis
1748 1473 1867 1558 inepta,

247 1594 298 1658 his
321 1594 442 1660 libellis
465 1614 503 1660 eo
525 1592 629 1677 magis
651 1599 727 1679 apta
750 1592 852 1659 videri
874 1593 986 1679 possit.

332 1714 424 1792 Quod
453 1714 528 1779 olim
552 1713 727 1797 cogitaram
750 1714 951 1779 subscribere
973 1712 1165 1798 praefationi
1188 1712 1273 1795 grati
1296 1710 1394 1776 animi
1417 1709 1631 1775 testimoninm
1655 1733 1733 1797 erga
1755 1712 1872 1777 biblio-

246 1834 412 1899 thecarum
442 1833 657 1900 moderatores
680 1841 712 1899 et
733 1833 873 1916 reliquos
895 1833 1006 1898 horum
1029 1841 1206 1899 nostrorum
1230 1829 1406 1898 studiorum
1432 1828 1592 1912 fautores,
1624 1853 1756 1915 quorum
1780 1832 1873 1898 beni-

246 1954 388 2018 volentia
411 1954 559 2019 effectum
584 1960 643 2035 est,
670 1961 705 2019 ut
727 1953 808 2019 haee
830 1953 977 2019 recensio
999 1953 1150 2018 librorum
1166 1952 1429 2017 Iordanianorum
1453 1949 1507 2014 din
1531 1951 1673 2036 expetita
1695 1952 1818 2018 auctior
1841 1959 1873 2018 et

247 2072 445 2139 emendatior
459 2072 602 2157 prodeat,
626 2071 660 2137 id
675 2073 844 2157 quominus
859 2073 1046 2159 perficerem
1061 2074 1187 2138 fortuna
1202 2071 1279 2138 mibi
1298 2068 1425 2136 invidit.
1465 2089 1540 2133 uam
1555 2071 1681 2136 animus
1696 2092 1759 2137 non
1775 2072 1872 2137 susti-

246 2201 301 2258 net
331 2192 454 2276 gratias
483 2177 581 2276 agere
603 2192 660 2273 iis,
695 2194 811 2276 quibus
834 2193 905 2279 ipsa
927 2195 1090 2259 volumina
1112 2193 1293 2259 saecularia
1314 2188 1482 2257 restituere
1503 2188 1569 2254 iam
1598 2212 1734 2276 nequeo.
1780 2192 1873 2257 beni-

152 2374 158 2381 .
245 2313 419 2378 volentiam
440 2311 613 2378 eorundem
636 2313 827 2398 optimorum
849 2314 986 2380 virorum
1009 2334 1203 2398 quamquam
1225 2314 1258 2378 in
1281 2314 1342 2380 hac
1364 2317 1548 2383 calamitate
1571 2315 1668 2380 etiam
1690 2311 1795 2395 magis
1816 2332 1872 2377 ex-

245 2442 355 2518 pertus
378 2453 459 2512 sum,
485 2432 564 2497 mibi
586 2432 700 2498 infelix
722 2433 803 2499 liber
825 2432 978 2515 quamdiu
1001 2453 1054 2499 ero
1077 2433 1141 2499 mei
1161 2433 1329 2500 infortunii
1346 2437 1532 2503 tristissima
1546 2433 1700 2499 momoria
1715 2430 1868 2497 manebit.

334 2744 389 2804 1111
411 2746 450 2792 Ita
469 2746 520 2793 loro
538 2760 565 2806 p.
586 2745 626 2807 59,
648 2744 663 2792 2
682 2745 780 2807 dequo
804 2738 880 2807 snpra
896 2760 925 2809 p,
944 2739 1029 2795 exul
1047 2747 1102 2795 dixi
1120 2748 1254 2809 pristinam
1272 2748 1419 2809 scripturam
1443 2751 1497 2796 ouis
1520 2750 1620 2799 ouium.
1649 2759 1713 2808 queo
1736 2746 1788 2793 soie
1811 2744 1872 2792 ferri

247 2836 346 2892 potest,
367 2831 476 2877 servavit
492 2830 548 2877 ordo
567 2831 671 2889 tertius,
696 2844 729 2879 ex
746 2831 884 2892 corruptela
901 2832 929 2878 iu
947 2831 1080 2894 archetypo
1097 2833 1171 2893 primi
1190 2832 1344 2895 secundique
1362 2833 1386 2880 ei
1405 2834 1550 2894 substitute,
1571 2847 1645 2894 quem
1663 2830 1775 2893 suspicor
1791 2830 1871 2879 inisse

244 2919 330 2963 ouium
347 2918 443 2975 auium,
465 2921 537 2963 ιιιιιιι
555 2922 616 2962 sunt
633 2915 752 2964 lectiones
770 2915 933 2978 interpolatae
952 2918 1038 2964 ambae
1056 2917 1142 2966 classis
1160 2917 1284 2966 secundae
1302 2919 1398 2977 ouium,
1418 2917 1505 2966 classis
1524 2918 1619 2979 primae
1631 2919 1715 2965 ocium
1726 2919 1870 2978 ciuiumque.

337 3001 394 3062 115)
415 3000 600 3062 Saepenumero
618 3001 749 3064 haesitavi,
769 3007 896 3064 quatenus
915 3004 1050 3051 consensui
1069 3004 1173 3051 secundi
1192 3005 1311 3065 tertiiqne
1329 3003 1425 3052 ordinis
1443 3002 1606 3052 confiderem:
1627 3008 1657 3051 ιιι
1673 3016 1699 3064 p.
1720 3000 1810 3061 61,15
1827 3015 1872 3062 per

245 3103 343 3137 omnem
356 3086 467 3135 ,lieoiidia
485 3085 580 3135 aditam
598 3100 643 3150 per
660 3101 687 3136 se
705 3088 840 3136 absurdum
857 3088 964 3136 fortasse
982 3090 1073 3137 mutari
1092 3089 1182 3137 debuit
1200 3103 1256 3138 eom
1269 3089 1340 3136 ΒΧΥ
1354 3091 1382 3136 in
1401 3088 1528 3138 ambitam.
1561 3088 1604 3137 sed
1622 3093 1706 3136 umen
1724 3094 1751 3136 et
1766 3086 1828 3135 iilud
1841 3088 1871 3134 ab

244 3176 333 3236 inepto
351 3177 451 3222 auctore
470 3174 544 3221 scribi
562 3175 646 3234 potnit
664 3180 690 3222 et
708 3173 752 3221 hoe
770 3188 784 3221 ι
802 3175 911 3222 librariis
929 3175 1046 3236 pluribus
1063 3187 1113 3223 nou
1130 3175 1225 3236 ineptis
1244 3189 1289 3238 per
1306 3176 1472 3224 coniecturam
1491 3176 1584 3236 reponi.

377 3342 518 3407 Berolini
548 3362 589 3406 m.
616 3343 791 3408 Novembri
820 3364 850 3408 a.
876 3361 1107 3408 urocccrurxnr.

318 5687 440 5733 ιοιιιιιιι.
