4246 6082
946 321 1119 379 Rouana.
1804 326 1845 388 23

26 524 110 566 rurus
124 526 144 573 ².
159 526 203 573 ct
305 513 382 579 Post
402 511 538 598 primum
561 518 668 579 antem
683 512 840 579 Punicum
862 512 983 578 bellum
1005 512 1060 578 vix
1082 512 1326 595 quadriennium
1349 515 1494 598 requies:
1520 535 1594 582 ecoe
1616 514 1753 580 alterum
1772 512 1845 578 bel·
1865 513 1922 574 181

219 616 303 697 lum,
329 616 436 681 minus
457 616 589 698 quidem
611 616 780 701 spatio-
801 636 860 682 neo
886 616 971 682 enim
994 616 1134 702 amplius
1157 635 1245 682 xvrru
1266 638 1369 683 annos
1390 625 1504 684 tenens
1525 656 1568 666 -
1591 618 1651 683 sed
1672 615 1754 681 adeo
1777 616 1846 681 ela

219 718 307 783 dium
336 717 503 785 atrocitate
529 719 698 801 terribilis,
731 725 766 785 ut
793 719 822 784 si
851 719 923 803 quis
950 719 1092 785 conferat
1114 719 1232 786 damna
1253 721 1419 803 utriusque
1442 722 1571 807 populi,
1604 720 1737 786 similior
1760 719 1845 785 victo

159 845 179 876 ο.
192 832 206 875 ²
220 820 262 885 sit
288 821 426 905 populus
455 820 513 886 illc
541 821 596 905 qui
624 821 713 886 vicit.
759 822 873 887 urebat
900 822 1041 888 nobilem
1070 824 1222 907 populum
1251 844 1340 889 mare
1369 825 1529 904 ablatum,
1564 830 1676 908 raptae
1704 822 1842 905 insulae,

220 922 298 987 dare
328 922 447 988 tributa
472 943 555 1006 quae
583 924 695 992 iubere
725 932 944 992 consueverat.
991 925 1065 991 bino
1094 925 1246 992 ultionem
1277 947 1358 1010 puer
1386 927 1526 993 Annibal
1553 926 1596 992 ad
1624 946 1713 992 aram
1743 925 1878 1010 patriss

159 1025 398 1106 ctiuraverat,
431 1044 492 1092 nec
520 1028 713 1093 morabatur.
759 1028 858 1111 igitur
884 1028 919 1094 in
947 1047 1047 1094 eausa
1074 1028 1153 1094 belli
1176 1029 1340 1113 Saguntns
1363 1029 1468 1095 electa
1490 1036 1557 1111 est,
1591 1030 1680 1094 velut
1702 1027 1845 1113 Spaniae
1865 1028 1925 1089 182

219 1127 332 1195 civitas
362 1135 394 1193 et
419 1130 571 1212 opulenta
592 1129 733 1212 fideique
759 1151 837 1214 erga
859 1132 1018 1197 Romanos
1040 1151 1193 1213 magnum
1216 1131 1365 1214 quidem,
1399 1133 1457 1198 sed
1479 1134 1569 1199 triste
1592 1136 1844 1198 monumentum.

160 1257 180 1285 ο·
194 1245 207 1286 ⁴
221 1252 316 1314 quam
348 1231 383 1295 iu
415 1232 596 1298 libertatem
628 1234 786 1299 communi
819 1234 949 1300 foedere
982 1241 1151 1319 exceptam
1181 1235 1340 1316 Annibal,
1377 1255 1493 1302 causas
1522 1247 1674 1301 novorum
1705 1240 1847 1300 motuum

220 1354 396 1416 quaerens,
430 1342 463 1401 et
491 1336 558 1401 suis
588 1343 621 1401 ct
649 1356 777 1401 suorum
800 1337 949 1404 manibus
972 1338 1101 1420 evertit,
1134 1345 1169 1404 ut
1190 1338 1318 1404 Italiam
1341 1339 1403 1404 sibi
1425 1346 1518 1424 rupto
1541 1338 1672 1404 foedere
1694 1337 1845 1421 aperiret.

160 1462 180 1493 c·
195 1451 208 1490 ‹¹›
221 1456 346 1502 summa
375 1437 540 1504 foederum
563 1438 716 1504 Romanis
745 1439 860 1523 religio
889 1446 954 1506 est:
987 1439 1097 1522 itaque
1127 1440 1172 1506 ad
1201 1441 1346 1507 auditum
1376 1441 1483 1507 sociae
1511 1437 1651 1507 civitatis
1673 1439 1845 1522 obsidium,
1870 1458 1898 1502 ro

220 1559 377 1605 memores
398 1539 454 1606 icti
476 1560 547 1606 eum
571 1542 686 1607 Poenis
708 1562 834 1625 quoque
857 1543 1008 1625 foederis,
1039 1562 1102 1608 non
1125 1544 1233 1609 statim
1256 1544 1300 1609 ad
1321 1565 1413 1609 arma
1434 1551 1635 1629 procurrunt,
1662 1543 1737 1609 dum
1760 1543 1850 1627 prius

160 1666 181 1698 ο.
195 1657 208 1696 s
222 1661 308 1708 more
323 1643 468 1726 legitimo
483 1644 594 1726 quaeri
609 1646 741 1711 malunt.
789 1645 917 1710 interim
937 1645 1005 1710 iam
1031 1666 1146 1712 novem
1169 1646 1333 1712 mensibus
1356 1646 1436 1712 sessi
1457 1646 1545 1712 lame
1568 1646 1727 1712 machinis
1750 1646 1844 1727 ferro,

221 1765 316 1810 versa
338 1745 477 1827 denique
498 1745 532 1811 in
555 1747 677 1812 rabiem
699 1748 774 1830 fide,
801 1747 973 1813 immanem
997 1749 1030 1813 in
1052 1748 1120 1814 foro
1145 1749 1286 1815 excitant
1308 1769 1432 1833 rogum,
1457 1757 1525 1815 tum
1548 1749 1688 1834 desuper
1705 1748 1740 1814 se
1756 1768 1850 1815 suos-

162 1872 183 1903 c·
196 1861 209 1903 ⁷
223 1869 285 1932 que
316 1867 388 1914 cum
417 1849 565 1915 omnibus
594 1850 708 1934 opibus
738 1850 807 1916 suis
836 1850 919 1916 ferro
947 1857 981 1916 et
1002 1852 1070 1935 igni
1093 1858 1315 1936 conrumpunt.
1362 1853 1459 1918 buius
1486 1860 1596 1920 tantae
1626 1850 1730 1918 cladis
1758 1858 1851 1917 autor
1871 1851 1930 1914 183

220 1951 361 2018 Annibal
383 1952 533 2037 poscitur.
573 1953 861 2034 tergiversantibus
884 1954 1001 2019 Poenis
1024 1953 1089 2019 dux
1113 1954 1301 2038 legationis:
1333 1958 1459 2039 ‘quae',
1484 1955 1607 2038 inquid,
1636 1957 1743 2021 ‘mora
1765 1957 1851 2020 est'l
1872 1973 1901 2013 ιι

222 2054 360 2121 Fabius:
396 2054 447 2119 ‘in
476 2054 536 2120 boe
558 2074 618 2137 ego
649 2056 720 2120 sinu
749 2057 871 2121 bobum
902 2077 1078 2142 pacemque
1101 2065 1209 2142 porto,
1243 2053 1346 2123 utrum
1376 2058 1540 2142 elegitis’l
1576 2056 1851 2123 subclamantibus

227 2157 397 2236 ‘bellum'3
438 2157 576 2223 ‘bellum
599 2157 723 2241 igitur',
757 2158 881 2241 inquid,
920 2156 1104 2244 ‘accipitd’.
1151 2166 1184 2226 et
1206 2179 1342 2227 excusso
1364 2161 1398 2226 in
1421 2160 1528 2227 media
1550 2160 1639 2226 curia
1659 2167 1755 2242 togae
1777 2179 1852 2244 gre-

163 2284 183 2313 e·
197 2274 210 2316 ⁸
224 2259 287 2325 mio
315 2280 379 2325 non
401 2258 478 2325 sine
507 2260 653 2335 horrore,
685 2261 780 2345 quasi
810 2262 907 2347 plane
938 2262 1011 2327 sinu
1040 2263 1163 2328 bellum
1189 2263 1304 2345 ferret,
1337 2264 1461 2330 effudit.
1509 2262 1624 2328 similis
1647 2262 1752 2328 exitus
1774 2261 1852 2328 belli
1872 2264 1932 2327 181

195 2427 198 2431 ,
221 2361 322 2428 initiis
353 2363 425 2439 fuit.
482 2384 556 2427 nam
585 2364 680 2445 quasi
708 2365 769 2430 bas
797 2364 931 2429 inferias
962 2365 1026 2430 sibi
1049 2365 1296 2448 Saguntinorum
1323 2368 1456 2433 ultimae
1479 2367 1569 2432 dirae
1591 2366 1625 2431 in
1645 2366 1702 2430 illo
1725 2364 1853 2449 publico

222 2463 391 2550 parricidio
413 2465 624 2550 incendioque
647 2468 874 2549 mandassent,
902 2468 948 2532 ita
969 2468 1120 2533 manibus
1144 2488 1254 2535 eorum
1277 2469 1457 2535 vastatione
1479 2470 1611 2551 Italiac,
1643 2467 1853 2552 captivitates
1872 2487 1902 2530 :o

163 2591 182 2623 e·
197 2583 210 2624 ⁹
223 2568 371 2650 Africae,
405 2567 522 2635 ducum
548 2576 582 2635 et
610 2590 721 2653 regum
752 2570 808 2651 qui
836 2569 871 2634 id
899 2590 1031 2654 gessero
1057 2571 1180 2637 bellum
1210 2570 1310 2637 exitio
1340 2579 1543 2656 parentatum
1571 2577 1632 2638 est.
1678 2570 1776 2652 igitur
1798 2570 1854 2635 ubi

223 2672 387 2738 semelae
415 2671 450 2737 in
472 2671 627 2756 Spaniam
656 2672 756 2737 movit
784 2673 843 2739 illa
865 2673 975 2756 gravis
1006 2679 1039 2741 et
1067 2674 1214 2740 luctuosa
1236 2674 1349 2740 Punici
1379 2674 1457 2740 belli
1485 2673 1535 2738 vis
1557 2681 1654 2756 atque
1676 2677 1853 2756 tempestas

223 2773 473 2857 distinctumque
496 2775 649 2841 Romanis
679 2774 744 2840 iam
775 2773 831 2840 diu
854 2773 978 2842 fulmen
1001 2775 1180 2860 Saguntino
1203 2776 1279 2860 igne
1301 2776 1467 2857 conflavit,
1500 2776 1608 2842 statim
1631 2775 1770 2858 quodam
1792 2773 1854 2838 im-

222 2885 298 2963 petu
327 2884 420 2963 rapta
446 2878 571 2943 medias
594 2877 771 2963 pertraegit
792 2878 893 2963 Alpes
916 2878 1005 2945 etin
1027 2878 1156 2944 Italiam
1179 2880 1221 2945 ab
1243 2879 1310 2945 illis
1332 2880 1501 2945 fabolusae
1524 2878 1702 2945 altitudinis
1724 2877 1853 2943 nivibus
1872 2897 1902 2941 rs

153 3006 172 3034 ο.
189 2979 323 3047 uvelud
353 2981 444 3047 eaelo
472 2981 572 3046 missa
602 2981 773 3047 discendit.
819 3001 859 3046 ac
880 2981 975 3066 primi
996 2982 1126 3065 quidem
1149 2982 1288 3066 impetus
1310 2983 1402 3048 turbo
1424 2982 1509 3048 inter
1530 2980 1655 3048 Padum
1677 2987 1773 3063 atque
1796 2980 1854 3045 du·-
1875 2985 1934 3049 185

222 3084 328 3148 einum
362 3083 470 3149 valido
501 3084 609 3150 statim
639 3085 767 3167 fragore
797 3084 951 3150 detonuit.
997 3092 1065 3150 tum
1096 3084 1244 3170 Scipione
1274 3085 1356 3150 duee
1386 3082 1479 3150 fusus
1510 3084 1687 3150 exereitus:
1724 3083 1852 3149 raucius

224 3187 321 3252 etiam
350 3187 422 3272 ipse
451 3186 595 3252 venisset
624 3186 659 3251 in
681 3186 819 3252 bostium
842 3206 957 3252 manus
979 3186 1168 3272 imperator,
1200 3187 1264 3254 nisi
1286 3195 1462 3272 protectum
1485 3195 1609 3272 patrem
1632 3193 1853 3279 praetextatus

153 3313 173 3342 0·
188 3303 211 3344 ¹¹
226 3290 408 3356 ammodum
430 3289 515 3355 tilius
538 3290 580 3355 ab
602 3291 676 3374 ipsa
698 3296 797 3356 morte
819 3289 992 3373 rapuisset.
1038 3290 1091 3355 bic
1113 3291 1174 3356 erit
1195 3290 1322 3376 Scipio,
1354 3289 1466 3373 quiin
1488 3289 1609 3355 exitum
1631 3289 1760 3355 Africae
1783 3308 1853 3355 cre-
1941 3371 1945 3380 1

151 3417 171 3446 0·
187 3406 212 3447 ¹²
225 3393 301 3473 scit,
333 3412 450 3458 nomen
479 3411 520 3458 ex
547 3393 643 3458 malis
673 3393 742 3458 eins
772 3392 951 3458 habiturus.
997 3393 1110 3458 Ticino
1140 3394 1260 3459 Trevia
1288 3392 1443 3460 succedit.
1490 3393 1542 3459 bie
1569 3392 1712 3460 secunda
1740 3391 1852 3458 Punici
1872 3397 1933 3461 186

223 3496 302 3561 belli
324 3497 467 3581 procella
490 3496 636 3562 desaevit
658 3496 845 3580 Sempronio
868 3496 1033 3562 oonsnlae.
1079 3504 1145 3563 tum
1172 3497 1376 3563 callidissimi
1398 3498 1507 3563 hostes
1529 3496 1681 3578 frigidum
1704 3502 1738 3561 et
1757 3495 1850 3561 niva-
1870 3519 1901 3560 so

218 3600 287 3673 ,lem
315 3599 424 3665 naneti
453 3599 539 3665 diem
570 3620 643 3665 cum
665 3619 701 3666 se
723 3599 856 3683 ignibus
879 3599 986 3684 prius,
1019 3600 1090 3666 oleo
1112 3620 1238 3684 qnoque
1261 3600 1417 3666 fovissent
1437 3637 1481 3647 -
1503 3599 1676 3665 horribilac
1699 3598 1786 3665 dictu
1807 3633 1852 3646 -

152 3727 173 3757 υ.
189 3716 213 3756 ¹³
228 3701 373 3767 homines
399 3722 421 3766 a
442 3702 600 3769 meridiae
622 3710 654 3769 et
676 3703 745 3769 sole
769 3702 935 3769 venientes
957 3710 1067 3769 nocua
1088 3724 1147 3769 nos
1168 3705 1275 3771 bieme
1298 3703 1451 3770 vicerunt.
1499 3702 1741 3787 Tbarsymenus
1763 3702 1853 3789 lacus
1873 3706 1932 3769 187

223 3804 352 3872 tertium
381 3805 505 3871 fulmen
526 3805 697 3871 Annibalis
726 3806 920 3890 imperatore
942 3806 1149 3873 Flamminio.
1195 3827 1249 3873 ars
1277 3827 1363 3873 nova
1391 3805 1531 3871 Punicae
1560 3804 1699 3870 nauus:
1732 3804 1851 3890 quippe

224 3908 344 3973 nebula
366 3908 457 3973 lacus
479 3908 740 3992 palustribusque
762 3908 911 3991 virgultis
933 3916 1035 3975 tectus
1057 3908 1219 3991 equitatus
1241 3917 1333 3992 terga
1355 3909 1462 3974 subito
1483 3907 1696 3993 pugnantium
1718 3906 1849 3972 invasit.

152 4036 170 4066 e·
189 4024 212 4066 1⁴
226 4029 285 4077 nec
307 4010 348 4076 dc
371 4009 434 4075 diis
456 4029 627 4095 possumus
648 4009 758 4094 queri:
783 4011 1002 4078 imminentem
1017 4012 1186 4079 temerario
1202 4012 1277 4078 duci
1291 4011 1417 4078 cladem
1436 4010 1664 4097 praedixerant
1678 4009 1854 4077 insidentia
1871 4035 1903 4076 us

225 4113 326 4197 signis
354 4113 505 4180 examina
532 4120 566 4180 ot
592 4114 721 4197 aquilae
750 4114 878 4198 prodire
905 4116 1052 4182 nolentes
1081 4115 1351 4197 commissamque
1378 4115 1483 4181 aciem
1508 4121 1638 4181 secutus
1659 4119 1764 4179 terrae
1785 4120 1853 4178 tre-

224 4237 307 4300 mor,
343 4215 407 4282 nisi
434 4216 526 4281 illum
554 4215 716 4283 horrorem
747 4217 808 4283 soli
836 4217 1000 4302 aequitum
1029 4218 1233 4301 virorumque
1263 4218 1427 4284 discursus
1456 4224 1489 4283 et
1516 4223 1603 4283 mota
1631 4217 1853 4283 vehementius

151 4345 171 4376 n
187 4335 212 4376 ιι
225 4339 316 4385 arma
337 4319 493 4385 fecerunt.
540 4326 699 4402 quaram,
724 4319 760 4386 id
781 4327 832 4387 est
853 4341 935 4406 pene
957 4321 1104 4387 ultimum
1131 4321 1249 4386 vulnus
1270 4320 1398 4406 imperii
1420 4320 1563 4401 Cannae,
1588 4319 1740 4403 ignobilis
1762 4319 1853 4405 Apu·
1874 4325 1933 4390 188

224 4422 289 4489 liae
309 4422 411 4504 uicus,
437 4422 496 4491 sed
518 4422 740 4507 magnitudine
763 4423 866 4490 cladis
888 4424 1028 4508 emersit,
1054 4433 1087 4492 et
1109 4423 1281 4508 sexaginta
1303 4423 1428 4490 milium
1451 4422 1551 4490 caede
1573 4429 1666 4508 parta
1686 4423 1850 4489 nobilitas.

197 4594 199 4598 Α
309 4629 551 4691 scurranum
571 4636 601 4692 1,
623 4635 655 4692 s,
677 4635 691 4680 r
713 4631 738 4694 (4
756 4633 843 4682 uram:
859 4660 896 4670 -
913 4633 927 4681 ι
946 4633 1091 4697 opulenta),
1123 4633 1219 4683 naam
1237 4633 1260 4684 r.
1281 4633 1312 4683 a.
1331 4635 1363 4689 a,
1386 4637 1400 4681 r
1422 4631 1464 4695 pe
1481 4633 1557 4681 nurus
1574 4656 1609 4669 -
1629 4629 1659 4680 rs
1678 4631 1791 4692 annac).
1818 4657 1854 4667 -

224 4715 289 4766 Mur.
309 4732 335 4777 p.
351 4716 416 4766 2³1·
434 4733 458 4766 v.
477 4717 508 4768 16
527 4718 579 4767 boc.

309 4835 459 4885 Pannlsl'
550 4834 670 4904 cladium]
688 4839 785 4899 Florus,
805 4838 918 4899 gladium
935 4838 1009 4885 HPV
1112 4838 1285 4888 3terribillns
1304 4840 1394 4887 Florus
1498 4837 1642 4899 baguutns
1660 4838 1687 4884 H
1772 4833 1854 4903 uelut]

147 4976 150 4980 ,
201 4916 270 4972 om.
287 4923 542 4973 Freeeuetusl'tor.
560 4923 666 4986 (Bumb.)
774 4923 916 4984 liquorem
929 4922 958 4987 P,
978 4931 1086 4986 querant
1098 4925 1130 4985 H,
1152 4925 1311 4986 quaerentl'
1407 4920 1523 4990 suorum]
1540 4923 1714 4972 librtetl‘lor.
1733 4922 1853 4982 (Bono),

223 5010 335 5069 ipsorum
348 5008 511 5070 Flammas.)
622 5008 653 5059 ib
672 5010 774 5059 ocincl’
878 5009 905 5058 11
927 5025 1019 5058 armam
1031 5010 1102 5058 HPV
1208 5008 1238 5058 12
1257 5014 1326 5059 inme
1340 5009 1382 5071 γ’,
1395 5012 1461 5058 lome
1476 4996 1511 5057 ys
1617 5009 1648 5057 13
1667 5005 1855 5075 immanemln]

224 5095 302 5154 Flos„
322 5096 484 5143 immaneninr
498 5095 553 5154 ΗΡ,
574 5097 728 5144 immanenin
748 5096 767 5142 V
871 5091 937 5161 tum]
954 5083 1013 5142 Hpb
1027 5097 1105 5156 Flos,
1127 5096 1188 5144 dum
1200 5095 1263 5143 P'V
1367 5094 1398 5143 14
1415 5104 1487 5144 autor
1499 5092 1573 5161 anm]
1585 5093 1641 5157 ΗΡ,
1663 5109 1722 5144 aun.
1737 5102 1823 5143 auctor
1836 5095 1856 5141 V

227 5177 256 5229 15
273 5181 347 5242 penis
361 5180 409 5227 ΗΡ
511 5180 542 5230 lb
561 5178 666 5248 bellum]
678 5182 781 5243 Paulus,
803 5183 870 5229 bello
883 5181 953 5228 HPV
1055 5180 1083 5229 ll
1103 5182 1197 5230 bellum
1209 5178 1314 5247 bellum]
1326 5183 1379 5242 PV,
1394 5183 1487 5230 bellum
1501 5182 1528 5228 H
1540 5181 1636 5231 Paulus
1735 5179 1767 5231 19
1785 5177 1855 5248 narn]

223 5280 330 5314 emanu
348 5280 406 5313 nam
428 5267 448 5313 V
551 5266 581 5314 21
603 5268 647 5327 qul
665 5262 705 5332 ld]
724 5267 791 5317 Flos.
809 5265 929 5328 (diambi,
950 5267 1012 5328 qnid
1032 5268 1057 5315 id
1076 5268 1154 5329 HPV,
1176 5269 1235 5330 quid
1258 5270 1313 5330 (om.
1335 5268 1371 5330 id)
1392 5269 1458 5317 Fur.
1482 5268 1562 5330 (Nos.)
1670 5265 1703 5316 25
1721 5267 1766 5314 bac
1785 5266 1857 5314 HPV

223 5351 256 5401 26
274 5351 420 5411 iugoreHP
522 5351 554 5400 28
573 5352 673 5413 qulnP
758 5349 868 5419 exitum]
880 5353 953 5400 HPV
964 5355 1029 5401 Flos.
1046 5353 1167 5416 (Romu),
1188 5356 1296 5402 exitium
1310 5355 1377 5401 Flos.
1393 5354 1474 5416 (Nos.)
1581 5352 1614 5402 29
1632 5351 1852 5412 Ιιι1ιιιὶῑιιιιιιΗΡ,

223 5437 411 5485 bablsturusl'
504 5434 598 5504 treuia]
612 5438 641 5497 P,
662 5443 745 5487 trenta
757 5438 807 5486 HV
910 5438 942 5487 30
961 5439 1229 5488 calliudissimlP·
1289 5439 1318 5489 31
1340 5441 1446 5501 oleoque
1459 5439 1525 5487 tuor.
1630 5437 1666 5506 32
1684 5439 1855 5488 tharsimenus

229 5523 263 5570 V:
283 5525 459 5582 thrasymenus
477 5524 544 5573 Flor.
561 5524 667 5587 (Bumb.)
786 5524 818 5574 33
837 5526 973 5574 dumenl'
1076 5524 1108 5572 37
1128 5533 1197 5574 motu
1216 5524 1287 5572 HPV
1391 5524 1423 5574 39
1442 5526 1527 5574 uictus
1544 5524 1594 5573 ΗΡ
1696 5524 1739 5575 sed
1758 5525 1856 5586 magul-

223 5606 326 5677 tudine]
342 5609 389 5657 ΡΥ
400 5611 496 5669 Florem,
517 5611 548 5657 ad
568 5611 767 5670 magnitudinem
786 5611 813 5659 Η
