4246 6082
878 1449 949 1545 DE
982 1448 1201 1545 OthilNE

670 1694 1057 1810 loulssvsovu
1095 1693 1410 1803 callovii.

315 2180 482 2245 Valentem
505 2198 556 2242 me
579 2197 677 2261 parvo
700 2175 887 2240 subvectum
910 2175 1040 2258 navigio
1062 2195 1149 2239 oram
1172 2173 1338 2255 tranquilli
1361 2172 1461 2238 litoris
1484 2172 1640 2255 stringere
1663 2177 1695 2234 et
1715 2171 1853 2235 minutos
1879 2174 1889 2232 t

230 2281 271 2347 de
294 2283 480 2366 priscomm,
507 2288 542 2344 ut
564 2280 694 2363 quidam
718 2279 772 2360 ait,
800 2278 923 2361 stagnis
945 2277 1117 2361 pisciculos
1140 2278 1260 2359 legere,
1287 2277 1320 2340 in
1342 2277 1454 2356 altum,
1481 2274 1579 2339 frater
1594 2274 1726 2353 Castali,
1752 2273 1855 2337 laxari

198 2385 305 2453 avola
326 2384 493 2469 compellis
515 2383 688 2464 relictoque
712 2381 883 2465 opusculo,
910 2379 994 2463 quod
1017 2381 1100 2444 intra
1122 2399 1237 2444 nranua
1260 2379 1382 2461 habeo,
1408 2377 1442 2443 id
1465 2383 1524 2458 est,
1551 2377 1591 2442 de
1614 2376 1855 2441 adbreviatione

231 2488 466 2568 chronicomm,
508 2485 644 2565 suades,
684 2492 718 2549 ut
753 2483 871 2548 nostris
908 2483 1014 2548 verbis
1052 2482 1225 2547 duodecem
1258 2480 1422 2546 Senatoris
1458 2479 1621 2543 volumina
1658 2478 1698 2543 de
1734 2479 1856 2562 origine

230 2598 382 2673 actusque
413 2590 565 2654 Getarum
596 2589 637 2652 ab
669 2587 744 2651 olim
776 2594 808 2651 et
837 2605 937 2666 usque
967 2605 1050 2649 nunc
1080 2606 1138 2669 pcr
1166 2585 1391 2667 generationes
1420 2602 1576 2666 regesque
1607 2581 1855 2646 descendentem

229 2693 264 2757 in
287 2714 349 2758 uno
378 2700 411 2757 et
437 2692 497 2757 hoc
527 2711 625 2775 parvo
654 2690 763 2754 libello
794 2689 971 2753 choantem:
1007 2687 1088 2752 dura
1118 2688 1196 2752 satis
1224 2686 1362 2771 imperia
1391 2693 1423 2750 et
1450 2692 1612 2767 tamquam
1643 2685 1683 2749 ab
1713 2704 1767 2766 eo,
1800 2683 1897 2766 quit

229 2795 354 2880 pondus
376 2795 482 2879 operis
505 2793 599 2858 huius
622 2792 704 2857 scire
726 2792 828 2873 nollit,
855 2792 1003 2877 inposita.
1043 2812 1103 2857 nec
1125 2790 1208 2854 iilud
1229 2789 1360 2874 aspicis,
1386 2788 1470 2871 quod
1493 2787 1599 2852 tenuis
1623 2786 1701 2850 mihi
1725 2794 1775 2851 est
1789 2786 1857 2870 spi-

229 2973 255 2976 -
519 2968 638 2975 -—-

316 3069 627 3131 HPVLABXM).

313 3210 402 3272 incipit
421 3209 451 3256 ds
470 3209 566 3267 origine
584 3208 733 3268 actibusque
751 3210 863 3265 getarum
881 3208 1044 3266 praemittunt
1059 3203 1212 3266 praefationi
1230 3203 1340 3251 HPVL:
1362 3205 1429 3264 origo
1446 3205 1529 3263 gentis
1548 3209 1659 3263 getarum
1677 3215 1708 3250 ex
1727 3203 1789 3250 libro
1806 3203 1856 3250 ior·

227 3297 299 3344 dania
316 3301 462 3356 excerptum
480 3293 513 3341 S:
539 3295 631 3356 incipit
649 3293 769 3355 praefatio
787 3293 907 3340 historiae
925 3297 1039 3351 getarum
1063 3291 1189 3339 iorrrsudis
1214 3292 1314 3339 castalio
1335 3290 1489 3352 praefationi
1505 3291 1655 3351 praemittit,
1682 3289 1749 3348 operi
1767 3289 1857 3350 incipit

229 3382 292 3429 liber
310 3380 437 3429 iornandis
455 3381 487 3428 de
505 3380 601 3440 origine
620 3385 728 3439 actuque
747 3384 858 3438 getarum
873 3378 910 3425 B:
929 3379 955 3425 in
975 3378 1020 3424 hoc
1038 3391 1136 3439 corpore
1154 3378 1296 3425 continetur
1316 3379 1351 3437 tin
1371 3378 1395 3425 h.
1416 3391 1438 3424 c.
1458 3390 1480 3424 e.
1500 3389 1549 3422 om.
1566 3374 1594 3434 Z)
1615 3374 1729 3422 chronica
1746 3373 1857 3422 iordanis

228 3469 338 3530 episcopi
356 3467 502 3515 tarnennatis
520 3467 634 3514 ciuitatis
652 3466 682 3513 de
700 3465 797 3523 origine
815 3479 843 3512 ac
863 3464 991 3512 uocabulis
1008 3465 1092 3523 gentis
1110 3463 1241 3523 gothorum
1259 3462 1341 3510 aedita
1359 3464 1390 3511 sd
1409 3462 1529 3511 castslum
1551 3461 1680 3521 (castulum
1695 3461 1722 3520 Ζ)
1744 3466 1858 3520 sumpts-

229 3566 278 3613 que
297 3566 329 3599 er
348 3553 490 3600 auctoribus
508 3556 553 3599 eet.
577 3552 609 3612 (o.
621 3551 714 3612 praef.)
738 3550 892 3611 praefationi
913 3551 1089 3610 promittunt,
1115 3548 1177 3596 nihil
1201 3551 1223 3595 et
1245 3547 1400 3596 subscribant
1419 3548 1479 3594 ΚΖ.Ι
1504 3549 1596 3608 incipit
1619 3546 1724 3608 preiatio
1749 3545 1857 3592 iordanis

229 3639 340 3700 episcopi
365 3639 509 3685 rsnennatis
533 3636 563 3683 ad
587 3637 711 3684 castulum
731 3637 757 3683 in
775 3636 879 3683 historia
896 3641 1008 3694 getarum
1024 3633 1178 3695 praefationi
1193 3636 1339 3695 praemittit,
1366 3633 1453 3680 subicit
1471 3636 1492 3681 ei
1511 3633 1618 3695 explicit
1636 3632 1744 3695 prefatio
1765 3631 1857 3693 incipit

229 3723 332 3771 historia
349 3723 457 3771 iordanis
475 3724 584 3784 episcopi
602 3722 633 3768 de
652 3723 748 3769 actibus
766 3728 877 3781 getarum
896 3721 916 3767 Υ
921 3736 929 3766 :
947 3721 1037 3781 incipit
1055 3722 1170 3782 prologus
1187 3718 1305 3767 historiae
1323 3719 1453 3778 gothorum
1468 3720 1618 3781 praefationi
1633 3719 1777 3777 praemittit,
1798 3715 1856 3764 sah-

228 3809 310 3857 ocritr't
326 3811 349 3856 es'
372 3809 439 3871 supi.
463 3810 553 3870 incipit
577 3807 681 3856 historia
705 3805 877 3866 gothornmd
991 3805 1005 3851 3
1025 3807 1125 3855 inolente
1145 3805 1192 3852 ΧΥ
1292 3807 1443 3853 subnectam
1462 3799 1575 3868 nauigio]
1594 3803 1663 3850 ΒΧΥ
1678 3817 1735 3850 enm
1755 3801 1852 3863 Rufino,

229 3896 350 3943 subnecto
369 3895 465 3953 nauigii
483 3894 601 3942 HPVLA
740 3893 930 3952 litoristringerc
949 3892 1011 3950 ΗΡ,
1039 3894 1114 3940 maria
1132 3892 1256 3951 stringere
1275 3890 1356 3949 xil,
1385 3889 1464 3938 litoris
1488 3890 1612 3950 attingere
1637 3891 1757 3948 stringere
1782 3887 1853 3936 Vind.

229 3981 356 4029 dcastale
375 3967 441 4041 xlz,
462 3981 557 4029 castule
575 3979 659 4026 Am
764 3974 976 4044 laxari]!1PVL,
1001 3978 1084 4025 laxare
1104 3977 1198 4023 21er
1215 3976 1324 4037 Rufinus
1428 3971 1538 4041 hintes]
1555 3974 1662 4023 interd
1766 3971 1856 4040 haheo]

229 4069 304 4115 hebet
324 4067 370 4114 ΧΥ
488 4065 517 4113 id
535 4062 586 4131 est]
604 4067 650 4114 hoo
668 4074 707 4112 est
726 4065 748 4111 Χ
755 4066 779 4125 Y,
800 4077 848 4112 om.
864 4064 887 4110 Α
1008 4063 1162 4110 breniationc
1181 4061 1204 4108 B
1324 4060 1529 4110 osroenorum
1549 4059 1572 4106 P
1690 4056 1856 4126 iactusque]

230 4153 331 4213 HPVL,
352 4158 460 4213 actuque
479 4153 507 4211 B,
529 4153 676 4213 actibusque
695 4150 788 4197 Am
903 4154 929 4196 et
946 4144 1041 4214 nsque]
1058 4147 1213 4209 adusqneet
1329 4143 1460 4213 regesque]
1479 4151 1507 4193 et
1524 4159 1593 4206 reges
1614 4146 1637 4192 Α
1750 4145 1855 4193 descen-

229 4234 343 4303 dentem]
361 4238 529 4286 descendente
548 4237 570 4283 B
586 4235 670 4296 Vind.‚
690 4236 868 4285 descendentia
886 4235 909 4281 A
1030 4231 1045 4282 8
1063 4246 1142 4281 unum
1160 4232 1182 4279 Β
1286 4232 1353 4281 hunc
1370 4232 1392 4280 L
1496 4227 1634 4297 chosrtsm]
1653 4229 1707 4291 ΗΡ,
1731 4231 1856 4279 cohortem

234 4324 284 4383 Vh,
304 4329 410 4372 cosrtcm
429 4323 498 4369 ABii'
504 4323 523 4368 Y
640 4321 702 4370 dura
720 4318 793 4388 satis]
811 4320 907 4368 ΑΒΧΥ
921 4334 978 4368 mem
997 4319 1097 4383 Rufino,
1118 4319 1213 4367 duratis
1231 4317 1327 4367 HPVL
1457 4316 1473 4365 9
1492 4313 1576 4383 nollit]
1594 4316 1673 4379 HN,
1694 4317 1757 4365 nolit
1775 4316 1853 4379 ΜΒ,

230 4411 308 4459 nollet
326 4409 395 4456 ΧΥΖ

316 4632 447 4682 Iordanem
466 4632 603 4694 impudenti
618 4633 704 4693 plapio
726 4630 800 4692 (qood
817 4633 918 4679 minime
936 4634 1036 4678 acuat
1054 4634 1116 4678 tecta
1134 4630 1249 4688 attepatio
1267 4633 1297 4677 ut
1308 4628 1410 4690 quidam
1422 4629 1465 4690 sit)
1486 4643 1558 4676 snam
1576 4627 1663 4687 fecisse
1679 4628 1855 4689 praefationem

230 4734 296 4775 earn.
324 4735 399 4783 quom
416 4719 523 4782 Batinna
545 4720 672 4781 praemisit
689 4719 797 4765 castani
814 4717 981 4764 commentarii
1002 4714 1115 4776 Oripens's
1133 4728 1207 4775 snper
1224 4716 1355 4776 epistotam
1373 4713 1449 4762 Ponti
1466 4713 1499 4762 ad
1517 4713 1640 4762 Ronsonos
1660 4714 1725 4773 (opp.
1746 4711 1784 4761 ed.
1806 4713 1862 4759 De-

230 4806 300 4852 tarne
313 4804 392 4854 Poris.
407 4808 472 4853 1759
484 4806 534 4854 oot.
549 4809 564 4851 t
576 4819 602 4866 p.
617 4805 688 4865 438),
708 4802 844 4851 ohseroaott
855 4801 966 4866 Sphettos
985 4800 1111 4860 (Schmidt,
1127 4799 1267 4860 Zeitsetrist
1278 4799 1322 4860 tiss
1334 4797 1640 4858 Gesehiettswtssensclscst
1651 4799 1700 4848 ool.
1716 4800 1766 4859 lp.
1782 4799 1852 4859 288).

235 4891 296 4939 Vtile
321 4895 402 4939 cunm
428 4896 464 4939 est
486 4894 570 4951 ,ipsam
593 4889 679 4951 Rufini
704 4890 836 4949 epistotam
862 4888 956 4937 adicere
983 4888 1017 4935 ad
1039 4889 1135 4947 seriptis
1158 4885 1300 4935 lectionibus
1323 4884 1427 4934 duorum
1449 4884 1566 4933 librorum
1586 4886 1854 4945 prommmunmornm

231 4976 386 5025 Anrheosicnt
407 4976 446 5038 (A)
468 4977 491 5023 A
510 4979 559 5025 135
577 4975 626 5036 ins.
646 4977 706 5024 otim
724 4975 849 5024 Bohienn's
867 4989 930 5022 saec.
952 4972 1025 5038 illl
1041 4979 1064 5021 et
1085 4972 1207 5021 Casinatis
1224 4974 1275 5020 dtd
1297 4972 1346 5034 (ti,
1366 4987 1427 5034 qnos
1443 4984 1498 5023 mec
1515 4985 1591 5019 conso
1608 4972 1765 5020 contuleram
1783 4971 1855 5019 ittam

231 5065 376 5113 Benedictus
396 5063 473 5124 Niese,
495 5062 560 5112 inne
578 5063 706 5122 dopmno
726 5060 797 5112 Mon.

316 5146 466 5202 Valentem
484 5160 527 5198 me
544 5161 633 5215 parvo
651 5145 818 5200 subvectum
836 5144 950 5212 navigio
968 5158 1044 5196 oram
1062 5141 1206 5211 tranquilli
1225 5140 1317 5195 litoris
1334 5141 1473 5208 stringere
1491 5145 1522 5195 et
1539 5140 1662 5194 minutos
1681 5140 1716 5194 de
1734 5139 1855 5196 Graeco·

230 5248 290 5286 rum
308 5232 418 5299 stagnis
435 5231 587 5301 pisciculos
604 5231 708 5299 legere,
729 5231 758 5284 in
776 5230 873 5292 altum,
893 5228 981 5283 trater
998 5228 1110 5282 Heracli
1133 5227 1227 5291 [eracli
1242 5230 1281 5291 01,
1303 5227 1398 5281 laxare
1417 5227 1482 5281 vela
1499 5224 1635 5295 conpeiiis
1657 5225 1849 5295 (conpellent)

230 5319 386 5386 relictoque
404 5331 497 5385 opere,
518 5314 593 5386 quod
611 5316 639 5369 in
658 5315 861 5370 transferendis
879 5314 1002 5369 homiliis
1023 5318 1079 5380 (om.
1094 5317 1123 5376 Α)
1146 5311 1298 5367 Adamanti
1316 5313 1393 5367 aenis
1410 5311 1558 5375 habebam,
1580 5312 1693 5375 suades,
1714 5318 1745 5366 ut
1758 5317 1854 5367 nostra

230 5420 301 5459 voce
318 5402 478 5472 quindecim
496 5402 557 5456 eius
574 5402 727 5466 volumina,
747 5402 849 5471 quibus
867 5400 1017 5471 epistulam
1030 5398 1109 5453 Pauli
1122 5401 1159 5455 ad
1171 5400 1312 5454 Romanos
1332 5398 1474 5461 disseruit,
1494 5398 1682 5468 explicemus:
1704 5398 1733 5451 in
1751 5397 1854 5467 quibus

229 5492 277 5546 illc
296 5491 362 5544 dnm
380 5493 506 5542 sectatur
524 5488 645 5556 apostoli
663 5504 789 5551 sensum,
813 5489 841 5542 in
865 5495 923 5542 tam
947 5485 1115 5557 profundum
1137 5486 1256 5555 pelagus
1278 5484 1420 5550 arrienos,
1447 5490 1479 5540 ut
1501 5490 1593 5539 metus
1611 5484 1711 5552 ingens
1730 5484 1768 5538 sit
1785 5483 1852 5537 illuc

230 5594 293 5632 eum
311 5566 455 5646 dcqnenti,
481 5590 516 5628 ne
541 5574 732 5642 magnitudine
756 5590 888 5629 somnum
913 5573 990 5628 velut
1013 5572 1187 5627 immanitate
1211 5572 1384 5641 opprimatur
1405 5572 1551 5625 undarum.
1589 5576 1648 5625 tum
1674 5570 1776 5625 deinde
1801 5584 1853 5622 nec
