4246 6082
858 314 909 370 ΙΙΙ.
929 312 1258 372 uuufleuuhefflcn.

766 739 839 837 111.
887 738 1353 838 ORTHOGRAPHIOA.

334 970 582 1039 Orthographiam,
608 971 632 1024 si
651 971 677 1024 ei
696 971 834 1025 vocabule
853 973 881 1025 in
906 969 959 1023 hoc
981 976 1097 1024 auctore
1122 971 1201 1024 locus
1220 975 1278 1034 est,
1305 971 1445 1040 quomodo
1470 971 1682 1032 constituerem,
1710 971 1759 1026 din
1777 971 1870 1026 haesi-

249 1058 306 1110 tavi
335 1057 525 1125 deprehensus
551 1057 661 1110 scilicet
686 1057 759 1110 inter
783 1058 915 1125 scopulos
940 1056 1082 1124 diversos:
1113 1073 1176 1110 nam
1201 1062 1231 1109 et
1253 1055 1305 1108 hoe
1330 1057 1491 1110 evitandum
1517 1063 1591 1117 erat,
1621 1062 1653 1110 nt
1675 1073 1726 1125 pro
1754 1058 1869 1112 librario

247 1143 337 1210 ipsum
356 1150 499 1196 auctorem
518 1142 704 1204 emendarem,
725 1148 755 1195 et
772 1143 851 1206 illud,
872 1148 904 1195 ut
921 1147 1075 1210 apparatus
1093 1134 1229 1196 obscurus
1248 1147 1277 1194 et
1294 1142 1428 1195 molestus
1447 1142 1583 1197 evaderet
1600 1144 1714 1210 pusillis
1732 1150 1762 1197 et
1780 1142 1869 1198 fritili-

247 1230 299 1282 bus
323 1229 553 1282 adnotationibus
576 1233 723 1282 oneratns:
751 1230 872 1298 denique
897 1229 987 1282 lector
1010 1244 1065 1282 non
1089 1230 1149 1281 sine
1172 1228 1248 1281 iusta
1273 1243 1358 1281 causa
1382 1228 1577 1295 impediendus
1602 1234 1663 1282 erat
1686 1229 1869 1283 barbarismis

247 1312 366 1368 fortasse
386 1314 422 1368 ab
441 1321 555 1368 auctore
574 1314 683 1368 alienis.
721 1330 754 1367 ea
772 1315 946 1369 incommoda
965 1329 1026 1367 cum
1045 1315 1152 1382 pariter
1170 1314 1263 1368 omnia
1281 1314 1405 1381 effugere
1424 1330 1478 1367 non
1496 1329 1616 1382 possem,
1638 1321 1770 1384 quantum
1789 1317 1870 1369 licuit

246 1401 366 1454 mediam
383 1402 458 1455 viam
476 1402 563 1454 tenui.
600 1401 761 1469 primarium
781 1401 899 1466 librum,
924 1401 953 1454 id
979 1406 1023 1455 est
1040 1400 1322 1467 Heidelbergensem,
1347 1401 1375 1452 in
1399 1399 1540 1467 principio
1564 1405 1658 1453 autem
1682 1401 1869 1456 Romanorum

246 1485 463 1556 Geticorumque
481 1486 536 1540 fine
555 1485 705 1540 deficiente
723 1502 757 1539 eo
776 1487 948 1551 Palatinum,
974 1492 1023 1540 aut
1046 1488 1075 1541 in
1096 1492 1176 1540 textu
1198 1487 1408 1554 repraesentavi
1432 1492 1482 1539 aut
1505 1487 1534 1539 in
1557 1488 1739 1542 adnotatione
1763 1490 1869 1544 variam

246 1574 395 1626 lectionem
414 1573 498 1626 etiam
515 1573 544 1626 in
563 1571 606 1626 his
624 1573 734 1641 plenam
752 1574 899 1642 adscripsi.
938 1589 972 1627 ex
990 1573 1107 1643 reliquis
1126 1572 1207 1627 libris
1225 1573 1295 1626 meis
1313 1573 1479 1626 varietatem
1498 1572 1742 1642 orthographicum
1759 1577 1870 1642 plenam

247 1659 329 1712 attuli
344 1660 380 1712 ad
394 1660 505 1712 nomina
523 1660 637 1727 propria
648 1666 762 1727 praeter
773 1661 902 1728 vulgaria
920 1665 949 1713 et
968 1660 1082 1713 usitata.
1113 1660 1224 1726 plenam
1244 1675 1304 1712 eam
1323 1659 1362 1713 ihi
1382 1674 1492 1728 quoque
1510 1659 1658 1727 adscripsi,
1679 1661 1728 1715 ubi
1746 1663 1870 1716 varietas

248 1761 313 1798 vere
332 1744 552 1813 orthographica
569 1747 636 1799 item
655 1747 691 1800 ad
711 1748 879 1801 sententiam
897 1748 1042 1815 pervenit,
1065 1753 1097 1799 ut
1114 1745 1147 1799 fit
1166 1747 1193 1799 in
1208 1746 1293 1815 poerit
1311 1753 1340 1798 et
1353 1750 1444 1814 postet
1461 1745 1666 1816 similibusque.
1704 1748 1771 1800 item
1789 1748 1825 1802 ad
1843 1767 1870 1800 m

247 1829 356 1884 finalem
376 1832 446 1884 male
465 1832 595 1885 omissam
615 1848 685 1901 qnae
704 1834 853 1901 pertinent
875 1833 958 1886 attuli
977 1833 1083 1887 emnia:
1105 1849 1168 1886 nam
1187 1847 1355 1901 quamquam
1374 1832 1579 1901 quodammodo
1597 1848 1694 1886 verum
1712 1833 1871 1887 estilome

247 1935 318 1980 ιιιιυι,
339 1919 475 1981 Botriana,
495 1919 619 1970 Bouiano
637 1920 795 1986 promiscue
814 1919 889 1987 apud
908 1919 1055 1973 Iordanem
1074 1919 1211 1986 usurpari,
1233 1919 1327 1987 aliqua
1346 1925 1423 1970 certe
1441 1918 1601 1972 differentia
1618 1919 1693 1973 inter
1705 1935 1753 1973 eas
1765 1918 1870 1975 formas

247 2004 292 2057 vel
311 2002 356 2055 hic
375 2004 541 2067 intercedit,
568 2008 597 2057 et
615 2005 727 2058 omniuo
744 2021 796 2058 usn
817 2005 918 2058 doctus
935 2004 1064 2058 intellexi
1083 2004 1220 2058 eiusmodi
1239 2004 1320 2058 varia
1338 2003 1459 2056 lectione
1478 2004 1599 2058 lectores
1616 2021 1672 2059 non
1690 2011 1766 2059 recte
1786 2021 1870 2073 posse

246 2097 352 2143 carere:
384 2090 458 2143 idem
476 2090 554 2144 valet
572 2090 606 2144 de
625 2109 643 2143 a
661 2074 757 2145 littera
776 2092 804 2145 in
822 2097 1052 2156 aedessenum,
1072 2092 1209 2145 ct'eeeimca
1227 2090 1384 2143 vicensimas
1402 2096 1456 2148 cet.
1478 2091 1505 2145 in
1524 2092 1559 2146 iis
1578 2107 1649 2161 quae
1667 2092 1708 2145 ita
1725 2094 1871 2147 restabant
1897 2117 1899 2122 ·

246 2175 294 2228 ubi
313 2175 514 2245 orthographia
536 2175 658 2230 barbara
682 2177 747 2232 libri
766 2178 891 2245 primarii
909 2178 1023 2232 redibat
1039 2179 1070 2232 in
1087 2178 1150 2231 aliis
1170 2178 1237 2230 item
1256 2176 1353 2238 benis,
1377 2192 1579 2244 saepenumero
1598 2177 1737 2232 eiusmodi
1756 2193 1872 2233 consen-

247 2277 306 2314 sum
325 2262 472 2324 adnotavi,
492 2277 555 2314 nam
575 2275 636 2314 cum
656 2263 763 2317 librarii
784 2279 839 2333 quo
860 2264 1035 2333 antiquiores
1059 2267 1138 2325 sunt,
1165 2278 1198 2316 eo
1223 2262 1386 2329 diligentius
1408 2263 1541 2317 traditam
1566 2264 1710 2317 scribendi
1735 2266 1870 2319 rationem

246 2348 385 2400 retineant
403 2363 491 2416 eaque
512 2363 564 2415 per
588 2349 693 2414 gradem
717 2350 875 2417 expellatur
898 2351 982 2403 etad
1000 2350 1144 2416 vulgarem
1169 2346 1352 2410 reformetur,
1379 2348 1443 2401 libri
1462 2348 1586 2415 primarii
1606 2350 1807 2418 orthographia
1825 2366 1872 2405 ac-

247 2432 413 2486 cedentibus
432 2433 553 2487 testibus
577 2434 640 2487 aliis
665 2450 834 2502 magnopere
859 2434 1047 2488 confirmatur.
1090 2441 1238 2502 praeterea
1262 2432 1507 2502 orthographicum
1530 2435 1696 2490 varietatem
1722 2434 1782 2490 iere
1806 2453 1872 2505 sup-

245 2520 345 2586 pressi,
368 2535 401 2572 nc
420 2520 533 2573 minima
552 2536 680 2589 quaeque
699 2536 748 2588 per
766 2522 922 2575 deteriores
940 2522 1029 2576 libros
1047 2536 1219 2591 persequens
1238 2536 1293 2574 non
1312 2521 1402 2573 nriuus
1419 2520 1526 2587 ingenti
1546 2537 1627 2591 quam
1641 2519 1716 2576 lutili
1732 2530 1871 2591 apparatu

247 2606 328 2658 utilia
346 2605 563 2670 obscuraremli.
589 2635 624 2645 —
646 2607 678 2661 In
703 2607 823 2661 lectione
848 2609 1047 2662 constituenda
1066 2623 1137 2677 quae
1155 2607 1201 2662 vel
1224 2608 1341 2675 antiqua
1359 2611 1454 2660 aetate
1473 2608 1513 2660 ita
1531 2608 1644 2662 diverse
1662 2609 1869 2673 scribebantur,

247 2699 278 2744 ut
295 2698 395 2745 nerrtra
413 2693 554 2759 scriptura
573 2708 741 2760 magnopere
760 2694 982 2763 improbaretur,
1010 2694 1104 2764 qualia
1128 2699 1194 2747 sunt
1217 2694 1264 2745 sed
1285 2697 1337 2757 eet,
1357 2691 1453 2745 obtulit
1470 2693 1578 2761 optulit,
1604 2694 1727 2748 inlustris
1744 2695 1868 2759 illustris,

248 2777 369 2847 Phrygia
392 2778 513 2847 I'rypia,
540 2780 666 2846 expressi
685 2781 722 2833 ad
741 2781 842 2834 librum
860 2782 1036 2850 primarium,
1056 2796 1108 2834 nec
1127 2781 1243 2833 multum
1262 2779 1291 2833 in
1309 2779 1415 2833 talibus
1439 2780 1551 2847 respexi
1577 2780 1689 2835 codices
1713 2783 1868 2851 aequiores,

247 2879 308 2917 cum
322 2865 349 2917 in
363 2871 536 2931 agrammato
549 2871 664 2919 auctore
677 2866 813 2920 eiusmodi
827 2868 956 2920 codicum
969 2867 1120 2921 diversitas
1133 2867 1262 2933 exiguam
1275 2865 1427 2919 utilitatem
1440 2864 1558 2920 habeat:
1573 2883 1739 2937 quamquam
1752 2869 1870 2938 quirem

246 2950 397 3017 diligenter
416 2956 595 3021 exsequetur,
616 2957 721 3005 certam
740 2953 971 3006 consuetudinem
990 2952 1065 3022 apud
1084 2952 1231 3007 Iordanem
1250 2967 1360 3021 quoque
1384 2951 1429 3005 hie
1453 2952 1512 3005 illic
1536 2953 1740 3021 deprehendet.
1778 2955 1818 3008 ita
1843 2957 1871 3009 ln
1920 3022 1924 3034 ¹

246 3052 331 3105 snpra
348 3038 444 3090 citatis
462 3036 583 3090 inlustria
602 3043 633 3091 ut
650 3039 725 3106 apud
745 3039 877 3108 aequales
897 3040 937 3093 ita
955 3040 1032 3106 apud
1050 3038 1198 3093 lordauem
1218 3053 1329 3108 quoqne
1348 3044 1456 3105 regnat.
1480 3038 1546 3092 item
1563 3039 1699 3108 slittera
1717 3041 1870 3108 aspiratam

246 3123 382 3178 Graecam
401 3139 456 3176 non
474 3124 578 3188 ubivis,
599 3125 649 3178 sed
668 3125 811 3194 plerisque
831 3126 901 3179 locis
920 3125 1038 3193 expulit.
1072 3141 1105 3178 ex
1119 3125 1293 3179 soloecismis
1305 3125 1407 3178 admisi
1420 3125 1539 3178 maxime
1553 3140 1609 3187 eos,
1630 3125 1773 3195 inquibus
1786 3126 1870 3181 libra-

245 3210 316 3263 rium
335 3209 604 3276 Heidelbergcnsem
622 3210 677 3263 sibi
696 3211 829 3265 videbam
847 3212 888 3266 ita
914 3217 1060 3274 constare,
1086 3217 1118 3265 ut
1141 3211 1325 3280 archetypum
1348 3225 1411 3263 eum
1436 3211 1464 3263 in
1488 3209 1531 3264 his
1556 3213 1730 3278 expressisse
1756 3213 1870 3267 dubium

245 3311 300 3347 non
319 3301 404 3358 esset,
425 3300 456 3348 ut
474 3301 539 3349 sunt
552 3314 631 3366 pene,
655 3297 761 3361 Greeia,
782 3316 874 3368 nepae,
894 3298 1043 3352 muleens
1061 3298 1172 3367 aliaque
1185 3296 1296 3351 similia.
1330 3309 1365 3350 ex
1378 3296 1487 3366 reliqua
1499 3297 1631 3351 barbarie
1643 3297 1674 3351 in
1686 3299 1870 3353 adnotatione

246 3382 383 3435 collocavi
402 3397 457 3434 non
476 3383 565 3435 solum
584 3399 707 3453 eaquae
726 3400 743 3436 a
761 3383 876 3439 librario
898 3385 986 3453 magis
1007 3400 1090 3454 quam
1108 3384 1145 3437 ab
1164 3389 1280 3437 auctore
1298 3382 1439 3451 proficisci
1463 3383 1628 3437 viderentur
1649 3386 1691 3449 (ut
1710 3384 1758 3438 ubi
1778 3405 1807 3438 oe
1829 3386 1871 3440 di·

245 3468 405 3536 phthongus
424 3469 483 3522 Ine
501 3469 547 3523 vel
566 3488 597 3521 ac
614 3469 694 3532 abiit,
716 3487 881 3541 quamquam
901 3468 1023 3525 fortasse
1041 3472 1070 3524 in
1088 3486 1122 3524 ea
1140 3486 1171 3523 re
1190 3470 1301 3535 erravi),
1323 3468 1373 3524 sed
1392 3484 1426 3522 ea
1444 3485 1554 3538 quoqne
1567 3486 1639 3539 qnae
1652 3471 1806 3524 orationem
1819 3487 1871 3539 per

246 3571 276 3609 se
294 3556 456 3623 perplexam
474 3555 535 3608 sinc
554 3556 611 3609 ulla
624 3557 747 3611 utilitate
765 3559 848 3611 etiam
867 3558 957 3624 magis
969 3557 1177 3611 obscurassent.
1210 3557 1250 3610 ita
1264 3557 1351 3624 possit
1365 3561 1464 3626 posset,
1484 3557 1666 3626 triumphatur
1677 3556 1866 3627 triurnplcolor,

246 3642 327 3694 bonas
350 3641 444 3705 batos,
468 3641 558 3693 videre
580 3642 669 3695 videri
692 3647 727 3707 (3,
748 3646 772 3707 8)
793 3644 841 3697 nbi
859 3643 900 3697 ita
919 3641 1141 3705 confunduntur,
1169 3648 1201 3696 ut
1218 3658 1253 3696 ne
1277 3642 1414 3696 eiusmodi
1440 3643 1552 3711 quidem
1577 3644 1685 3696 auctori
1711 3644 1765 3710 ipsi
1784 3645 1869 3698 talem

252 3745 373 3782 errorem
392 3734 470 3781 recte
489 3728 618 3795 imputes,
639 3730 716 3783 nolui
734 3730 904 3797 praenimia
923 3730 1056 3797 reilgione
1076 3729 1211 3783 molestus
1229 3728 1291 3782 fieri
1309 3728 1465 3798 admisiqne
1484 3730 1651 3796 scripturam
1671 3731 1695 3784 sl
1714 3748 1768 3785 non
1782 3732 1870 3785 tradi-

247 3821 318 3876 tam,
346 3820 422 3869 certe
440 3815 542 3868 iustam
567 3815 687 3884 aliisque
706 3817 776 3870 locis
795 3817 831 3870 ab
850 3821 966 3869 auctore
984 3822 1062 3869 recte
1080 3816 1211 3883 positam.

332 3899 469 3954 Primaria
486 3901 514 3953 iu
532 3901 758 3969 orthographicis
776 3903 913 3971 quaestio,
934 3902 1078 3956 scribendi
1096 3903 1171 3956 ratio
1190 3903 1219 3956 in
1237 3901 1316 3955 libris
1335 3902 1449 3956 inventa
1467 3907 1606 3971 quatenus
1622 3903 1657 3957 ad
1670 3905 1761 3972 ipsum
1774 3910 1870 3958 aucto·

247 4003 304 4040 rem
323 3987 423 4040 redeat
444 3991 484 4049 (ut
502 3988 623 4054 exempli
643 4003 729 4042 causa
749 3989 904 4043 accusativi
931 3989 1004 4056 plur.
1025 3990 1041 4039 4
1066 3989 1094 4042 in
1115 4005 1166 4040 aaa
1188 3987 1310 4054 vestigia
1333 4003 1388 4042 non
1411 3989 1519 4043 incerta
1542 3989 1572 4043 in
1595 3990 1676 4044 libris
1693 3989 1829 4044 Plinianis
1853 4009 1871 4045 a

248 4070 412 4126 Detleiseue
432 4072 607 4140 deprehensa
625 4075 684 4127 eine
704 4075 791 4128 dubio
809 4074 845 4127 ah
864 4079 980 4128 auctore
998 4075 1135 4139 veniunt),
1155 4074 1231 4141 apud
1250 4074 1397 4127 Iordanem
1416 4074 1457 4128 ita
1475 4083 1636 4143 comparata
1648 4082 1700 4137 est,
1722 4083 1753 4130 nt
1765 4077 1869 4132 certius

248 4175 330 4228 quam
348 4160 513 4227 plerumque
538 4158 570 4212 lit
593 4159 736 4214 scribendi
761 4162 951 4229 proprietates
975 4161 1113 4229 quaedam
1138 4167 1195 4214 tam
1219 4161 1247 4214 in
1271 4161 1371 4214 bonam
1396 4177 1478 4230 quam
1503 4162 1532 4214 in
1556 4162 1656 4217 malam
1681 4171 1790 4231 partem
1814 4163 1869 4231 ipsi

247 4245 379 4314 scriptori
398 4245 484 4298 tribui
504 4245 622 4312 possint.
657 4262 724 4300 sane
742 4248 787 4300 vel
807 4247 884 4300 solae
903 4247 1053 4314 proborum
1072 4247 1205 4301 librorum
1224 4247 1252 4300 in
1271 4247 1499 4316 orthographicis
1517 4248 1694 4303 differentiae
1717 4250 1870 4304 ostendunt

247 4333 322 4400 apud
342 4333 489 4386 Iordanem
508 4347 618 4400 qnoque
637 4338 745 4386 mature
763 4334 894 4387 librarios
912 4351 929 4386 a
947 4335 1052 4387 tradita
1070 4335 1210 4401 scriptura
1227 4334 1332 4401 passim
1351 4335 1387 4388 ad
1406 4351 1484 4387 snam
1509 4333 1673 4400 deflexisse3
1701 4336 1768 4406 quid
1793 4336 1868 4405 quod

247 4419 292 4474 vel
316 4419 398 4486 primi
423 4419 531 4472 ordinis
556 4419 619 4472 libri
647 4419 755 4488 aliquot
779 4434 890 4472 errores
917 4419 1023 4474 hahent
1052 4420 1202 4474 redeuntes
1229 4420 1265 4473 ad
1293 4420 1526 4489 orthographicas
1551 4422 1720 4476 mutationes
1743 4422 1772 4476 in
1796 4438 1871 4476 com-

248 4506 322 4558 muni
347 4521 442 4558 cerrrm
466 4505 623 4575 archetypo
647 4506 785 4559 admissas
803 4505 838 4559 ah
857 4511 972 4560 auctore
990 4507 1106 4560 alienas.
1145 4507 1185 4559 ita
1208 4509 1251 4568 55,
1274 4507 1305 4558 16
1328 4520 1390 4559 cum
1414 4506 1561 4561 Iordanem
1586 4509 1734 4577 scripsisse
1759 4514 1870 4563 constet

247 4608 281 4644 ex
301 4607 439 4645 consensu
457 4591 592 4645 librorum
611 4592 711 4645 classis
729 4593 870 4647 secundae
889 4593 1047 4663 tertiaeque
1069 4598 1118 4646 aut
1141 4592 1223 4645 aliam
1242 4593 1397 4645 Meearriam
1415 4598 1465 4647 ant
1482 4593 1539 4646 elia
1557 4594 1699 4658 Menariae,
1724 4595 1868 4649 inventum

247 4679 275 4730 in
294 4678 374 4731 libris
392 4678 474 4744 primi
494 4678 602 4731 ordinis
619 4678 676 4730 alia
695 4679 791 4731 artenia
810 4686 909 4746 aperte
928 4679 1059 4732 effectum
1079 4683 1175 4732 estex
1195 4677 1248 4732 hac
1267 4679 1388 4733 lectione
1406 4679 1518 4734 abiecta
1536 4679 1633 4734 littera
1651 4699 1691 4745 m,
1716 4682 1795 4751 quasi
1814 4699 1869 4737 non

248 4764 363 4816 initialis
382 4771 467 4825 essct,
489 4764 538 4816 scd
558 4763 658 4817 linaiis.
691 4764 820 4818 similiter
839 4766 880 4827 55,
903 4765 933 4815 15
952 4782 1027 4833 quem
1046 4780 1097 4831 pro
1115 4783 1191 4833 qaae,
1211 4767 1253 4829 57,
1268 4767 1283 4814 5
1301 4764 1414 4817 sataliam
1432 4781 1484 4834 pro
1502 4766 1586 4819 multa
1606 4782 1717 4821 errores
1736 4774 1868 4822 suntnon

248 4848 385 4909 iordanis,
405 4849 456 4902 sed
476 4850 621 4917 archetypi
641 4851 741 4903 classis
758 4851 874 4918 primae,
895 4851 971 4919 quod
990 4851 1075 4904 etiam
1094 4851 1121 4904 in
1139 4851 1317 4918 gravioribus
1335 4865 1390 4905 non
1408 4853 1493 4905 semel
1511 4867 1645 4920 peccasse
1658 4870 1709 4907 erro
1721 4855 1784 4907 loco
1796 4855 1869 4909 vidi-

248 4949 317 4988 mus.
356 4935 443 4989 mrdto
462 4936 551 5002 magia
569 4935 597 4988 in
615 4935 841 5003 orthographicis
860 4937 940 4989 unius
960 4936 1025 4990 libri
1045 4937 1296 5006 Heidelbergensis
1318 4938 1480 4993 testimonio
1499 4938 1624 4994 delensis
1642 4957 1697 4995 non
1715 4957 1806 5009 pauca
1823 4942 1868 4995 in-

248 5027 330 5074 erunt
347 5021 384 5074 ab
402 5021 491 5089 ipsius
510 5022 648 5088 scriptore
666 5022 737 5076 male
756 5028 876 5083 mutata,
903 5026 935 5076 nt
958 5029 1023 5076 sunt
1047 5025 1089 5085 29,
1112 5025 1144 5076 26
1168 5026 1307 5079 cusvrnrieeo
1331 5041 1383 5093 pro
1407 5025 1557 5088 contratiae,
1582 5029 1625 5088 29,
1646 5030 1679 5079 28
1703 5046 1795 5080 reniae
1816 5044 1868 5096 pro

336 5279 355 5342 ¹)
378 5282 410 5327 vt
428 5284 591 5341 intellegatur
608 5285 668 5346 qnid
687 5285 724 5331 ita
742 5286 938 5346 suppresserim,
964 5299 995 5333 ex
1013 5287 1167 5347 praelatione
1186 5289 1363 5351 Romanorum,
1390 5290 1434 5337 ubl
1452 5291 1496 5338 soll
1515 5292 1572 5340 librl
1591 5291 1636 5339 PV
1651 5296 1805 5356 suppetunt,
1825 5292 1869 5341 ad·

249 5368 335 5428 scripsi
355 5381 418 5428 quse
438 5380 487 5415 non
506 5370 621 5417 adnotavl
641 5372 743 5418 Inventa
761 5372 787 5418 in
810 5371 844 5417 l':
870 5387 894 5432 p.
918 5371 941 5432 1,
961 5372 977 5420 4
995 5370 1102 5438 murtae]
1120 5380 1198 5421 rrrrrele
1221 5400 1255 5409 -
1280 5390 1394 5422 eramala
1417 5374 1571 5443 eopnmeere]
1594 5392 1645 5428 ner.
1670 5393 1811 5440 cognoscere
1834 5406 1868 5414 -

248 5450 461 5522 lliuieqinnrine]
487 5456 534 5501 -rie
561 5481 594 5488 —
624 5455 653 5504 13
672 5454 827 5523 auctoritate]
851 5463 907 5504 out·
931 5484 966 5492 -—
996 5458 1025 5506 l'i
1044 5456 1173 5524 dialncete]
1196 5460 1317 5508 destructe
1345 5488 1377 5497 —-
1398 5461 1445 5511 ‘la
1467 5461 1495 5510 at
1516 5461 1654 5530 macrum]
1675 5479 1816 5527 praecorum
1834 5495 1867 5502 -

249 5537 281 5587 22
299 5536 435 5604 consolaus]
453 5542 581 5587 consulum
600 5569 634 5576 —
653 5558 677 5603 p.
698 5542 721 5599 2,
744 5542 758 5590 2
777 5540 862 5608 pelice]
878 5547 969 5605 petione
987 5571 1020 5579 —
1039 5542 1182 5610 edediasem]
1199 5545 1328 5594 edidissem
1346 5574 1380 5582 —
1398 5548 1413 5596 3
1431 5545 1557 5615 conperta]
1574 5557 1695 5611 comperte
1706 5579 1741 5588 -—
1753 5550 1868 5621 menno]

248 5639 365 5673 aerumna
384 5650 418 5660 —-
435 5626 452 5674 t
470 5623 584 5693 dilepere]
601 5628 701 5687 diligere
719 5654 753 5664 —
771 5628 827 5697 qne]
845 5645 906 5694 qaae
923 5656 957 5664 -
976 5630 991 5677 9
1009 5628 1172 5698 aeailisaime]
1190 5634 1345 5683 nobilissime.
