4246 6082
160 512 203 557 Cu

204 513 314 555 alodarius

327 279 385 342 XL
1023 276 1253 332 Pnoonurvn.
1350 256 1353 262 '

415 501 535 565 XXIV.
560 502 693 566 Flauius
709 502 852 585 blagnus
875 501 1025 566 Aurelius
1047 501 1295 567 Gassronourvs
1318 502 1539 581 5555151171),
1569 499 1610 564 de
1632 499 1722 564 euius
1744 499 1811 564 rita
1832 518 1956 582 nuper-

328 621 407 685 rime
430 621 548 705 optime
569 622 637 705 egit
658 623 860 687 Hermannus
883 622 1006 686 Vsener
1030 623 1214 704 (Festschrift
1230 643 1290 683 zur
1305 622 1705 703 Phr'lotopcutrersorumhrup
1720 622 1752 682 ia
1773 621 1955 682 ll'ieahodea

331 743 412 804 1877
435 763 467 826 p.
486 745 527 805 66
543 744 619 824 551,
645 763 663 808 5
686 741 819 808 Bruttiis
841 741 996 825 originem
1018 741 1148 806 trahens
1176 743 1252 823 1151.
1280 745 1308 821 1,
1329 743 1373 824 4),
1399 760 1493 804 51551
1517 741 1629 806 hahuit
1651 740 1711 805 sub
1726 739 1954 804 Valentiniano

328 861 377 924 III
404 862 522 943 (1455)
548 860 710 925 tribunum
733 868 767 927 et
787 861 945 927 notarium
973 862 1050 943 1151.
1076 865 1103 942 1,
1123 863 1168 943 5),
1195 866 1318 945 551155
1341 861 1400 925 sub
1424 860 1567 926 Odoaero
1590 867 1621 926 et
1643 859 1841 925 Theoderico
1864 878 1956 923 surn-

328 981 389 1045 mis
418 979 533 1045 officiis
563 979 705 1046 functum
732 982 826 1047 51511
849 981 910 1046 hoe
932 980 1102 1066 1151115155
1124 979 1243 1045 155155
1272 981 1349 1063 (rar.
1378 985 1405 1061 1,
1431 985 1463 1044 4.
1489 982 1534 1063 5).
1581 980 1652 1065 1555
1675 980 1858 1065 primaevus
1881 984 1957 1063 post

329 1121 360 1164 5.
383 1087 724 1181 5005555515155511
747 1101 859 1187 palatii
881 1100 985 1167 155155
1008 1108 1056 1166 551
1083 1102 1208 1183 11519,
1230 1103 1286 1178 24;
1312 1101 1435 1165 Vseuer
1457 1101 1479 1164 l.
1506 1121 1534 1165 c.
1560 1123 1593 1186 p.
1612 1101 1678 1183 69),
1704 1120 1777 1164 mox
1799 1098 1957 1184 patricius

329 1227 361 1285 51
390 1221 461 1304 1555
495 1221 628 1300 (Vsener
650 1222 671 1285 l.
699 1241 726 1286 c.
752 1224 855 1306 516.
883 1222 955 1304 70),
989 1219 1106 1286 deinde
1136 1241 1167 1284 5.
1194 1223 1256 1282 514
1286 1220 1398 1285 555551
1427 1220 1625 1302 ordinarius,
1658 1227 1774 1304 555155
1800 1218 1959 1301 magister

330 1339 505 1404 officiorum
533 1344 610 1420 (var.
637 1345 667 1423 9,
695 1344 752 1421 24;
787 1341 979 1407 anecdotum
1001 1340 1089 1425 apud
1111 1340 1287 1405 Vsenerum
1309 1362 1342 1425 p.
1372 1341 1440 1422 16),
1473 1339 1558 1424 quod
1587 1340 1727 1405 51115155
1757 1339 1957 1424 permultos

330 1478 431 1523 55555
463 1459 631 1525 retinuisse
654 1460 781 1526 ridetur
807 1461 884 1542 (var.
911 1464 940 1542 9,
968 1463 1025 1523 24;
1058 1465 1135 1542 ‘quo
1158 1461 1227 1526 loeo
1249 1460 1372 1545 positus
1394 1479 1522 1544 semper
1543 1459 1765 1543 quaestoribus
1787 1459 1952 1540 51151511),

332 1585 417 1644 55115
441 1578 577 1645 obtinuit
598 1600 669 1646 eum
691 1581 770 1646 obiit
792 1581 1012 1646 Theodericus
1034 1602 1064 1644 5.
1092 1583 1153 1643 526
1177 1580 1270 1662 eique
1293 1579 1448 1646 successit
1468 1598 1569 1664 nepos
1590 1579 1794 1644 athalaricus
1822 1579 1900 1660 1151.
1920 1582 1953 1659 9,

331 1700 397 1779 25),
424 1699 573 1784 deposuit
595 1707 702 1765 autern
725 1700 829 1766 155155
852 1700 1214 1786 5155155155515515115
1235 1721 1267 1765 5.
1294 1700 1391 1785 53314
1419 1701 1497 1783 (var.
1523 1703 1553 1779 9,
1580 1702 1632 1763 24.
1658 1701 1725 1782 25).
1775 1697 1957 1763 Athalariei

331 1819 445 1884 mortui
468 1841 499 1884 5.
523 1822 584 1883 534
609 1840 826 1886 successorem
849 1820 1102 1886 Theodahadum
1127 1819 1256 1905 publice
1278 1819 1425 1886 laudavit
1452 1819 1570 1902 (Haupt
1591 1839 1701 1903 opusc.
1720 1821 1749 1899 3,
1770 1821 1841 1903 303)
1869 1824 1903 1883 51
1925 1818 1957 1884 51

331 1958 468 2021 quoque,
494 1939 571 2005 item
593 1940 647 2023 qui
670 1941 701 2006 ei
723 1940 1124 2022 55555551155361111151
1146 1933 1214 2023 regi
1236 1939 1451 2023 quaestorium
1473 1938 1613 2003 51115155
1635 1938 1789 2020 exhibuit,
1815 1957 1920 2021 neque
1935 1959 1958 2003 5

332 2060 428 2125 rebus
449 2059 588 2144 publicis
611 2060 744 2126 recessit
764 2068 839 2126 5515
862 2081 893 2125 5.
912 2062 1009 2142 53718
1039 2060 1185 2141 (15512,
1208 2064 1258 2125 16.
1278 2062 1344 2143 27).
1388 2058 1523 2124 devictis
1546 2058 1662 2124 Gothis
1684 2059 1784 2123 vitam
1806 2058 1957 2124 saecula-

332 2199 399 2243 rem
429 2178 557 2262 reliquit
586 2187 618 2245 et
646 2180 821 2246 monachus
843 2179 947 2245 factus
969 2185 1137 2265 postquam
1159 2179 1401 2264 nonagesimum
1423 2179 1549 2245 tertium
1574 2199 1691 2243 annum
1714 2198 1815 2262 agens
1837 2177 1957 2243 librum

333 2299 374 2364 de
397 2298 625 2384 orthographia
647 2298 757 2382 edidit,
784 2300 988 2383 grandaevus
1004 2300 1093 2365 obiit.
1118 2337 1160 2347 —
1181 2299 1341 2365 Historiae
1356 2299 1512 2365 Gothicae
1528 2319 1599 2364 curn
1615 2299 1786 2383 55115555
1801 2298 1958 2364 Iordanes

334 2438 369 2483 se
392 2438 571 2503 proponere
592 2419 664 2503 1555
686 2420 806 2485 scribat
826 2420 859 2484 iu
881 2418 1080 2504 praefatione
1103 2420 1287 2486 Getieorum
1310 2445 1371 2484 -ι
1401 2419 1547 2500 ‘suades
1573 2418 1737 2484 utnostris
1751 2418 1859 2484 1511115
1875 2418 1959 2484 duo-

337 2538 461 2603 ‘deeim
484 2538 648 2604 Senatoris
677 2540 841 2605 volumina
871 2540 912 2605 de
941 2539 1064 2623 origine
1092 2548 1247 2624 actusque
1270 2541 1422 2607 Getarum
1451 2540 1493 2603 ab
1516 2539 1591 2603 olim
1614 2547 1646 2604 et
1668 2559 1770 2623 usque
1792 2558 1876 2604 nunc
1901 2559 1962 2623 per

337 2658 579 2741 ‘generationes
601 2680 758 2743 regesque
780 2660 1029 2726 descendentem
1058 2661 1122 2744 (sie)
1150 2661 1183 2725 in
1206 2682 1268 2726 uno
1290 2660 1403 2726 511155
1425 2679 1525 2744 parvo
1547 2659 1657 2724 libello
1680 2660 1836 2724 coartem'
1860 2695 1905 2705 -
1927 2665 1961 2725 51
2058 2664 2070 2682 *

334 2800 417 2862 quae
440 2786 607 2864 praeterea
629 2780 670 2846 de
693 2801 731 2846 eo
753 2801 850 2866 opere
871 2780 993 2846 tradita
1007 2781 1163 2847 habemus
1178 2781 1222 2847 ad
1236 2781 1389 2846 iudicium
1405 2780 1446 2845 de
1461 2779 1662 2845 Iordanianis
1678 2777 1844 2844 ferendum
1860 2779 1961 2863 plane

335 2900 518 2965 necessaria
539 2899 619 2982 sint,
653 2921 878 2987 componemus
900 2902 1037 2987 primum
1060 2923 1142 2984 quae
1166 2902 1206 2967 de
1229 2922 1267 2967 eo
1290 2907 1462 2986 supersunt
1482 2898 1666 2965 1551155515
1687 2898 1830 2984 51515515
1851 2899 1960 2963 omnia

336 3021 376 3085 ab
400 3020 469 3105 ipso
492 3028 632 3101 5551515,
658 3041 761 3104 neque
784 3021 868 3087 enim
891 3021 1060 3105 quisquam
1075 3029 1202 3106 praeter
1215 3023 1320 3106 ipsum
1337 3029 1369 3087 et
1383 3021 1553 3086 Iordanem
1568 3020 1638 3085 eius
1653 3019 1808 3085 meminit.
1849 3038 1959 3083 eorum

336 3141 476 3205 locorum
498 3148 640 3224 tempore
662 3140 783 3224 primus
805 3148 856 3207 est
877 3141 1016 3225 epistula
1037 3162 1105 3205 var.
1124 3145 1155 3224 9,
1175 3145 1215 3204 25
1239 3141 1357 3226 5511515
1378 3162 1408 3205 5.
1428 3144 1489 3205 533
1506 3140 1630 3205 551511.
1648 3140 1736 3224 Sept.
1756 3140 1815 3204 sub
1831 3137 1961 3204 nomine

336 3259 513 3326 Athalarici
536 3259 579 3324 ad
601 3268 747 3326 senatum
770 3261 858 3326 urbis
873 3262 1008 3326 Romae:
1041 3261 1193 3327 ‘tetendit
1215 3280 1250 3327 se
1270 3260 1512 3343 {Cassiodoriusl
1535 3259 1569 3324 in
1591 3260 1754 3343 antiquam
1776 3258 1961 3343 prosapiam

343 3385 500 3445 ‘nostram
524 3380 659 3446 lectione
683 3381 811 3446 discens
834 3379 918 3463 quod
939 3380 994 3444 viu
1016 3380 1172 3445 maiorum
1194 3381 1309 3447 notitia
1330 3401 1412 3446 caua
1433 3380 1601 3446 retinebat.
1640 3380 1702 3444 iste
1725 3397 1819 3462 reges
1838 3377 1962 3443 Gotho-

343 3505 429 3564 ‘rum
451 3501 549 3584 longa
571 3499 731 3566 oblivione
754 3501 874 3567 celatos
896 3500 1031 3566 latibulo
1053 3500 1224 3567 vetustatis
1247 3499 1367 3566 eduxit.
1414 3500 1475 3566 iste
1496 3501 1628 3565 Amalos
1658 3520 1729 3565 eum
1759 3497 1887 3582 generis
1910 3499 1961 3563 sui

342 3621 503 3687 ‘claritate
532 3620 688 3702 restituit,
722 3621 887 3686 evidenter
916 3620 1090 3686 ostendens
1111 3621 1144 3684 in
1168 3619 1324 3685 decimam
1347 3621 1518 3709 septimam
1541 3619 1727 3704 progeniem
1749 3618 1880 3703 stirpem
1902 3638 1962 3682 nos

342 3741 479 3806 ‘habere
501 3741 654 3823 regalem.
694 3741 848 3824 originem
865 3711 1032 3806 Gothicam
1055 3740 1219 3805 historiam
1242 3739 1412 3807 155115555
1435 3742 1610 3805 Romanam
1633 3739 1789 3822 colligens
1811 3737 1904 3819 quasi
1927 3737 1962 3801 in

342 3867 456 3927 ‘unam
486 3881 634 3926 eoronam
664 3882 795 3945 germen
825 3860 974 3926 floridum
1003 3861 1088 3944 quod
1118 3879 1175 3944 551
1200 3860 1351 3925 librorum
1375 3881 1503 3944 campos
1525 3860 1647 3945 passim
1670 3857 1774 3923 155151
1796 3863 1870 3922 5515
1893 3855 1963 3921 dis·

342 3985 500 4066 ‘persum
546 3981 751 4067 perpendite,
778 3988 931 4064 quantum
954 4000 1010 4046 vos
1031 3981 1065 4045 in
1087 3989 1195 4046 nostra
1217 3981 1315 4046 laude
1338 3980 1502 4063 dilexerit,
1528 3980 1583 4062 qui
1605 3979 1704 4043 vestri
1726 3975 1879 4063 principis
1902 3997 1964 4041 na-

343 4103 478 4168 ι115555
501 4102 608 4168 docuit
629 4103 670 4166 ab
692 4102 882 4183 antiquitate
904 4100 1101 4181 mirabilem,
1132 4108 1184 4184 51,
1218 4101 1300 4166 51551
1325 4100 1431 4166 fuistis
1458 4121 1478 4164 a
1499 4099 1674 4164 maioribus
1696 4097 1812 4163 uestris
1835 4116 1965 4181 semper

344 4224 484 4289 ‘nobiles
506 4222 677 4303 aestimati,
702 4223 749 4288 ita
769 4222 860 4286 vobis
883 4242 995 4305 regum
1022 4223 1117 4303 [codd.
1137 4224 1259 4303 15155)
1285 4221 1416 4302 antiqua
1438 4219 1608 4305 progenies
1629 4219 1829 4302 imperaret'.
1875 4216 1963 4282 idem

339 4343 521 4429 praefectus
543 4342 700 4429 praetorio
723 4351 755 4408 et
777 4362 893 4407 munus
914 4341 1018 4407 iniens
1039 4342 1072 4406 15
1096 4341 1237 4425 epistula
1257 4341 1300 4406 ad
1323 4347 1470 4406 senatum
1495 4344 1545 4422 11,
1575 4345 1585 4402 1
1614 4339 1689 4403 11551
1710 4336 1876 4403 historiam
1898 4357 1963 4402 non

339 4464 526 4530 nominatim
549 4464 635 4545 citet,
660 4484 772 4547 regum
787 4463 973 4528 Amalorum
988 4462 1103 4527 seriem
1124 4461 1208 4544 (ride
1224 4481 1252 4526 5.
1273 4463 1322 4545 14)
1342 4461 1418 4526 inde
1433 4466 1543 4545 aperte
1566 4457 1771 4541 deprompsit,
1798 4463 1831 4522 et
1851 4459 1901 4538 12,
1920 4461 1963 4520 20

340 4606 380 4651 55
402 4585 479 4651 51151
500 4606 582 4668 quae
603 4584 757 4649 Iordanes
779 4602 807 4648 5.
828 4585 878 4663 30,
905 4586 965 4645 156
993 4581 1058 4662 (ubi
1072 4583 1178 4646 locum
1192 4574 1368 4665 attulimus)
1394 4579 1427 4643 15
1451 4578 1673 4663 compendium
1697 4576 1832 4659 redegit.
1871 4575 1966 4641 deni-

340 4726 403 4788 que
430 4705 463 4770 in
494 4703 692 4790 praefatione
721 4703 897 4782 variarum,
932 4722 1014 4784 quae
1037 4702 1158 4786 scripta
1179 4701 1308 4766 videtur
1330 4721 1358 4765 c.
1383 4720 1414 4764 5.
1441 4701 1519 4778 533,
1553 4698 1600 4763 515
1620 4697 1726 4783 15555
1749 4695 1966 4778 adloquuntur

340 4826 452 4891 amici:
492 4824 678 4891 ‘duodecim
701 4823 791 4890 libris
814 4822 989 4888 Gothorum
1012 4822 1177 4887 historiam
1199 4819 1364 4885 defloratis
1387 4818 1655 4904 prosperitatibus
1676 4815 1861 4882 condidisti:
1890 4835 1965 4881 cnm

345 4945 566 5012 ί111111511115
589 4944 868 5011 15511155555155
897 4950 1048 5024 eventus,
1083 4941 1161 5023 quid
1186 4939 1325 5022 ambigis
1355 4946 1387 5004 et
1416 4939 1497 5003 haee
1527 4938 1655 5022 publico
1685 4937 1780 5018 dare,
1813 4935 1868 5019 qni
1898 4934 1965 5000 iam

344 5067 563 5151 ‘cognosceris
586 5066 714 5132 dicendi
734 5064 882 5131 tirocinia
904 5062 1050 5148 posuisse
1059 5064 1086 5125 l'
1131 5060 1174 5125 ad
1203 5060 1284 5124 haee
1311 5079 1414 5144 nuper
1434 5059 1571 5124 accessit
1593 5057 1702 5124 codice
1725 5055 1967 5123 Garoliruhensi

340 5195 486 5254 servatus
512 5187 605 5253 ‘ordo
628 5185 756 5270 generis
779 5183 1053 5252 Cassiodoriorum
1077 5200 1249 5264 eorumque
1276 5182 1350 5265 (cod.
1377 5179 1608 5261 casiodorumq)
1637 5177 1692 5260 qui
1714 5177 1885 5262 scriptores
1908 5196 1968 5242 ex·

632 5339 751 5346 ----

426 5415 467 5475 14)
489 5415 593 5477 Propter
610 5417 710 5463 5551115
730 5414 863 5462 rideantur
881 5413 979 5459 Vsener
997 5412 1015 5459 l.
1036 5424 1058 5459 5.
1078 5425 1102 5471 p.
1121 5407 1151 5458 16
1170 5414 1196 5457 51
1215 5407 1320 5456 Rosslua
1338 5405 1479 5454 15555511.
1497 5405 1508 5453 1
1529 5402 1631 5466 5131.
1668 5405 1811 5463 legitimum
1830 5416 1922 5451 nornen
1940 5405 1966 5452 el

339 5503 418 5551 151555
437 5502 551 5552 Senatorl
569 5502 627 5549 15511
646 5502 785 5550 ostendunt
802 5515 832 5547 55
851 5501 902 5547 5515
920 5499 1021 5545 555155
1040 5500 1155 5543 utentes:
1176 5494 1345 5544 Cassiodorius
1358 5493 1458 5550 signum
1471 5493 1521 5538 1511
1532 5492 1625 5553 5511151
1637 5496 1712 5551 atque
1725 5489 1845 5537 Ablabius
1859 5489 1968 5538 similla-

340 5602 389 5654 que
413 5589 444 5650 (v.
464 5603 492 5652 p.
512 5587 654 5650 xxxvii).
686 5589 771 5650 itaque
790 5588 865 5634 511551
884 5585 1043 5647 grammatica
1061 5583 1156 5630 ratione
1173 5583 1250 5630 forma
1267 5581 1293 5628 ln
1312 5583 1366 5628 -aa
1384 5579 1434 5626 sola
1452 5578 1586 5640 probabilis
1604 5581 1653 5625 est.
