4246 6082
926 286 1076 343 osrich.
1755 291 1814 351 117

195 476 313 540 ‘siste'.
360 476 411 541 his
433 476 552 542 auditis
575 496 672 560 aegre
694 477 769 541 tulit
791 476 1012 542 Theodoridus
1035 484 1303 569 compacatusque
1330 496 1401 541 cum
1424 476 1530 542 citeris
1552 476 1702 560 gentibus
1725 496 1817 541 arma
1838 472 1960 537 XLIV·
2038 559 2041 566 Ι

191 580 289 644 movit
310 580 344 644 in
367 580 508 659 Suevos,
535 580 805 663 Bnrguudzonum
835 577 961 662 quoque
985 580 1211 644 Gnudiuchum
1235 588 1266 644 et
1289 579 1484 664 iliipericum
1511 599 1606 662 reges
1628 579 1817 645 auxiliarios

191 681 313 747 babens
344 683 469 765 sibique
499 682 641 747 devotos.
696 689 824 747 ventum
855 668 904 747 est
936 683 979 747 ad
1008 689 1169 747 certamen
1202 683 1292 747 irrxta
1321 681 1439 746 flumen
1467 682 1614 760 Vibium,
1649 682 1705 764 qui
1731 683 1815 747 iuter
1836 682 1899 743 232

192 785 371 850 Asturicum
394 784 622 866 Hiberiamque
651 791 860 869 pretermeat,
894 792 1100 868 consertoque
1123 785 1244 870 proelio
1272 784 1491 849 Theoderidus
1515 804 1586 849 cum
1609 785 1810 869 Vesegothis,

160 887 246 968 aqui
270 908 308 952 ex
332 889 417 952 insta
439 896 528 972 parte
551 889 735 971 pugnabat,
771 889 871 953 victor
894 887 1048 963 efficitur,
1087 888 1264 953 Suanorum
1287 895 1383 970 geute
1406 907 1488 971 pene
1512 894 1626 952 cuncta
1648 908 1750 971 usque
1773 887 1816 952 ad

191 989 398 1054 internicione
425 998 642 1073 prosternens.
697 1010 830 1072 quorum
860 1010 917 1055 rex
940 991 1096 1055 Riciarius
1125 991 1236 1055 relicta
1264 989 1383 1054 infesta
1406 989 1496 1058 hoste
1519 989 1648 1072 fugiens
1676 991 1710 1055 in
1732 1010 1816 1055 nave

193 1092 379 1156 conscendit
405 1093 605 1176 adversaque
628 1095 770 1177 procella
791 1092 928 1177 Tyrreni
957 1093 1049 1157 hoste
1078 1112 1284 1178 repercussus
1306 1091 1563 1174 Vesegotharum
1594 1101 1644 1158 est
1666 1081 1816 1158 manibus

182 1193 346 1266 redditus.
394 1194 587 1260 miserabilis
609 1216 671 1260 non
694 1196 800 1261 differt
821 1202 965 1274 mortem,
992 1216 1062 1260 cum
1086 1196 1245 1260 elementa
1267 1193 1448 1258 mutaverit.
1495 1193 1716 1260 Theoderidus
1738 1215 1817 1260 vero
1837 1194 1900 1258 233

192 1295 295 1360 victor
317 1296 459 1362 existens
482 1298 623 1363 subactis
646 1299 790 1383 pepercit
803 1318 862 1363 nec
878 1299 962 1363 ultra
977 1299 1151 1363 certamine
1167 1299 1291 1362 saevire
1307 1296 1461 1381 permisit,
1488 1316 1669 1380 preponens
1685 1298 1813 1378 Suavis,

143 1420 172 1459 ιο
192 1417 271 1480 quos
294 1400 475 1481 subegerat,
503 1400 651 1465 clientem
674 1401 834 1485 proprium
863 1401 991 1464 nomine
1014 1400 1228 1483 Agrivuiium.
1275 1400 1384 1483 quiin
1407 1399 1497 1464 brevi
1519 1398 1627 1463 auimu
1650 1400 1817 1484 praevari-

191 1501 314 1566 catione
339 1501 516 1567 Suavorum
540 1503 744 1569 suasionibus
767 1510 965 1568 commutans
994 1502 1137 1586 neglexit
1158 1503 1316 1586 imperata
1339 1503 1497 1587 conplere,
1523 1503 1629 1586 potius
1651 1503 1816 1586 tyrranica

180 1603 329 1668 elatione
359 1606 546 1689 superbiens
570 1606 767 1688 credensque
798 1625 833 1670 se
865 1625 904 1670 ea
934 1606 1050 1670 virtute
1078 1605 1275 1689 provinciam
1305 1606 1465 1685 obtinere,
1506 1626 1570 1687 qua
1601 1605 1719 1670 dudum
1744 1626 1815 1670 curn

191 1704 318 1770 domino
341 1725 399 1771 suo
423 1727 463 1771 ea
485 1708 669 1791 subigisset.
717 1709 765 1773 vir
793 1709 820 1773 si
843 1708 972 1791 quidem
997 1716 1066 1773 erat
1087 1709 1263 1772 Vamorum
1294 1708 1392 1792 stirpe
1415 1707 1562 1790 genitus,
1588 1708 1685 1790 louge
1707 1729 1727 1772 a
1750 1708 1816 1773 Go-

192 1808 267 1872 thici
291 1809 458 1892 sanguinis
481 1811 646 1876 nobilitate
675 1811 848 1889 seiunctus,
874 1810 991 1874 idcirco
1021 1829 1080 1874 nec
1102 1810 1282 1875 libertatem
1314 1811 1446 1876 studens
1476 1831 1536 1875 uec
1559 1819 1691 1894 patrono
1718 1810 1815 1876 fidem

142 1933 171 1973 15
191 1931 373 1976 reservans.
420 1932 482 1995 quo
513 1919 663 1997 conperto
686 1913 909 1977 Tbeodoridus
939 1933 1012 1977 mox
1042 1920 1152 1978 contra
1182 1933 1266 1989 eum,
1298 1914 1351 1996 qui
1381 1932 1453 1977 eum
1484 1912 1524 1977 de
1555 1933 1654 1996 regno
1677 1933 1813 1997 perp-aso
1837 1916 1899 1978 234

191 2011 361 2093 deicerent,
396 2014 579 2079 destinavit.
626 2015 681 2098 qui
711 2015 876 2080 venientes
907 2015 976 2079 sine
1007 2035 1095 2078 mora
1127 2015 1160 2078 in
1191 2015 1293 2098 primo
1323 2035 1395 2079 eum
1422 2015 1596 2079 certamine
1626 2023 1815 2099 superantes

190 2135 362 2198 congruam
386 2117 540 2182 factorum
564 2117 697 2182 eiusab
720 2137 758 2182 eo
781 2118 950 2201 exigerunt
973 2117 1138 2182 ultionem.
1187 2125 1299 2201 captus
1322 2137 1459 2201 namque
1482 2125 1515 2182 et
1544 2137 1673 2182 suorum
1696 2118 1815 2183 solacio

190 2217 362 2283 destitutus
386 2219 489 2303 capite
512 2220 672 2304 plectitur,
699 2220 862 2303 sensitque
886 2219 1016 2285 taudem
1038 2220 1165 2301 iratum,
1192 2220 1246 2302 qui
1268 2219 1439 2305 propitium
1456 2220 1619 2284 domiuum
1635 2220 1817 2286 crediderat

191 2322 470 2386 contemnendum.
516 2329 592 2387 tunc
615 2322 714 2387 Suavi
744 2323 875 2388 rectoris
907 2323 957 2387 sui
982 2323 1144 2389 interitum
1175 2329 1361 2388 contuentes
1391 2323 1531 2388 locorum
1561 2323 1744 2389 sacerdotes
1773 2323 1816 2388 ad

140 2444 170 2486 uo
190 2423 427 2489 Theoderidum
450 2424 613 2509 supplices
629 2426 824 2491 direxerunt.
865 2445 944 2509 quos
966 2425 1023 2490 ille
1038 2426 1214 2510 pontificali
1237 2427 1417 2491 reverentia
1432 2425 1611 2510 suscipiens
1634 2447 1696 2491 non
1712 2427 1814 2491 solum

190 2525 400 2608 inpunitatem
423 2527 599 2591 Suanorum
628 2528 779 2609 indulsit,
811 2527 869 2593 sed
899 2535 933 2592 ut
968 2528 1028 2592 sibi
1058 2528 1098 2594 de
1126 2549 1184 2593 suo
1212 2548 1331 2612 genere
1364 2527 1542 2612 principem
1573 2529 1812 2608 constituerent,

189 2626 292 2692 flexus
323 2629 442 2713 pietate
470 2631 639 2696 concessit.
686 2630 770 2715 quod
801 2639 832 2696 et
862 2631 981 2696 iactum
1012 2639 1078 2711 est,
1111 2637 1144 2696 et
1169 2631 1424 2696 Rimismundum
1455 2630 1516 2694 sibi
1540 2630 1639 2695 Suari
1668 2632 1815 2713 regulum

191 2882 601 2889 ἡ*

274 3058 301 3104 H
313 3059 334 3106 P
351 3058 369 3103 l'
382 3058 402 3105 Β
414 3058 436 3104 A
452 3058 473 3104 0
489 3059 585 3119 (incipit
597 3057 613 3106 4
625 3062 797 3128 consertoque)
813 3061 871 3106 ΒΧ
885 3060 917 3119 (Y
928 3062 968 3121 Ζ).

276 3247 286 3295 1
307 3261 379 3306 aegre
399 3244 467 3313 tulit]
487 3249 515 3307 Β,
536 3248 583 3297 heo
601 3250 698 3296 rettulit
715 3247 771 3310 HP,
792 3248 853 3296 haec
872 3249 960 3296 retulit
975 3249 1096 3310 VAlll'Z,
1116 3249 1163 3296 hee
1182 3249 1270 3296 retulit
1288 3247 1309 3294 Β
1448 3248 1606 3297 theoderidus
1625 3248 1721 3298 VAXY.
1743 3250 1816 3300 theo·

186 3335 281 3382 doritus
299 3335 322 3380 Β
443 3340 652 3395 compugatnsque
671 3334 705 3392 Η,
725 3339 938 3396 compacatusque
958 3335 979 3381 A
1103 3331 1199 3400 citeris]
1220 3334 1273 3394 ΗΡ,
1298 3337 1387 3382 ceteris
1406 3336 1450 3382 rel.
1591 3332 1717 3382 isneuos
1735 3335 1781 3383 LA

185 3392 376 3480 burgudzonum
388 3420 419 3480 Χ,
439 3420 648 3480 bungundionum
661 3419 701 3482 3¹,
723 3419 926 3479 burgundionum
939 3416 997 3467 Asi
1099 3417 1282 3486 gnudiuchnm]
1301 3419 1473 3482 HPVLXYZ,
1494 3421 1645 3481 gnudiacum
1664 3421 1694 3480 Β,
1716 3435 1815 3483 gnunc·

186 3505 317 3554 dluchium
337 3508 357 3551 A
463 3505 638 3567 hlhperichum
660 3506 680 3552 L
801 3505 816 3554 3
835 3507 942 3555 fluuium
960 3506 984 3553 Β
1087 3501 1200 3572 ulbium]
1217 3492 1425 3567 HPvuisxrz,
1447 3507 1552 3554 urbium
1571 3504 1616 3563 12⁴¹,
1637 3508 1737 3554 urbium
1757 3507 1779 3554 Β

187 3588 242 3659 qui]
267 3593 330 3653 quod
350 3594 372 3638 A
511 3592 675 3640 Austoricam
694 3591 723 3654 Β,
750 3594 869 3641 asturiam
888 3593 911 3639 A
1050 3598 1212 3653 consertoque
1234 3590 1278 3652 0⁰,
1308 3598 1421 3640 conserto
1440 3594 1463 3639 A
1601 3593 1761 3641 theoderidus
1783 3594 1812 3654 Z,

187 3678 340 3726 theodoritus
362 3676 406 3724 ΟΒ
522 3678 628 3726 binata
646 3677 715 3725 VAl'
827 3679 975 3741 pugnabant
993 3679 1016 3725 A
1121 3672 1265 3743 suanorum]
1283 3690 1417 3725 suenorum
1437 3679 1468 3736 A,
1490 3691 1593 3725 suorum
1612 3677 1633 3725 L
1738 3685 1814 3738 gente

187 3780 213 3826 p.
233 3759 334 3830 cuncta]
351 3763 454 3823 HPVL,
481 3768 581 3824 gentem
600 3764 647 3826 bie,
673 3777 738 3824 pene
756 3770 871 3813 cunctam
887 3769 943 3824 post
961 3765 1159 3812 internecionem
1178 3765 1280 3810 collocat
1299 3764 1329 3823 A,
1356 3770 1444 3822 gentes
1462 3777 1487 3825 p.
1508 3769 1611 3810 cunctas
1632 3762 1685 3826 OB,
1714 3772 1815 3825 gentem

187 3865 252 3914 pene
275 3851 300 3909 l',
321 3856 421 3909 gentem
440 3861 505 3910 pene
522 3854 601 3897 totam
621 3850 664 3896 ΧΖ
802 3849 832 3896 ud
850 3849 934 3897 emh
1084 3849 1100 3898 6
1119 3844 1300 3914 internicione]
1319 3848 1374 3905 HP,
1395 3849 1558 3897 internitione
1575 3849 1602 3907 V,
1622 3851 1813 3898 internitionem

189 3935 289 3984 LOBl'.
308 3936 505 3982 internetionem
523 3936 554 3991 X,
574 3936 773 3983 internecionem
792 3937 815 3981 A
945 3936 1058 3982 riciarius
1076 3949 1124 3983 om.
1140 3936 1161 3981 A
1293 3935 1379 3981 relicto
1398 3935 1490 3981 AXl'Z
1619 3936 1715 3983 infeste
1732 3931 1815 4002 hoste]

187 4020 266 4082 ΒΡΒ,
287 4021 358 4069 hoste
377 4020 469 4068 intesta
484 4020 510 4080 V,
532 4021 625 4068 infesta
642 4020 737 4068 hostem
759 4019 787 4080 0,
808 4021 901 4067 iniusto
919 4019 990 4068 hoste
1010 4019 1110 4078 AXl'Z,
1130 4020 1226 4069 iniecta
1244 4021 1348 4067 uictoria
1365 4020 1462 4068 hostem
1483 4020 1504 4067 Β
1640 4021 1668 4068 iu
1687 4035 1735 4070 om.
1757 4022 1778 4068 A

187 4103 264 4172 naue]
287 4105 390 4167 HPVL,
422 4119 510 4153 nauem
529 4103 632 4166 AOXY,
664 4106 749 4152 nanim
767 4104 790 4151 Β
927 4104 941 4151 1
962 4118 1011 4166 que
1029 4118 1078 4153 om.
1101 4104 1123 4152 0
1261 4101 1366 4171 tyrreni]
1391 4106 1465 4153 Dnrii
1486 4105 1593 4154 Ctereiur
1732 4102 1815 4173 hoste]

188 4191 385 4250 HPVLAXYZ,
405 4189 494 4238 hostiis
514 4189 545 4249 0,
565 4192 623 4238 ostii
642 4190 665 4236 Β
768 4190 926 4252 reperculsus
945 4189 967 4236 Β
1071 4189 1268 4251 uuisigothorum
1288 4189 1356 4237 1th
1461 4204 1526 4239 man.
1548 4197 1587 4239 est
1605 4191 1628 4237 A
1732 4192 1813 4241 81ῃὶ-

186 4278 275 4326 rabiles
293 4290 342 4324 nou
360 4276 481 4325 diuersus
503 4274 537 4335 O,
565 4276 731 4324 miserabilem
750 4289 798 4324 non
816 4276 937 4324 diiierens
955 4276 977 4323 Β
1115 4271 1184 4342 cum]
1207 4276 1267 4324 dum
1286 4277 1308 4323 A
1447 4278 1573 4326 elementa
1591 4283 1660 4325 muta
1677 4280 1816 4328 mutauerit

187 4365 256 4413 tiz
360 4362 519 4410 theodorinus
537 4362 565 4422 Z,
588 4362 743 4411 theodoritus
755 4362 785 4424 Β,
806 4361 995 4410 theodoritosO
1098 4375 1158 4412 uero
1175 4364 1261 4410 em.A
1367 4361 1382 4410 9
1401 4365 1536 4411 certamina
1549 4364 1603 4424 uu,
1623 4366 1766 4413 ceruamiua
1781 4364 1812 4426 0,

186 4452 246 4499 circi
264 4447 387 4498 omniaB
498 4445 652 4514 preponens]
670 4461 766 4509 ponens
785 4448 853 4495 Xl'Z
967 4451 1054 4496 suauis
1073 4449 1096 4495 A
1216 4447 1247 4497 10
1267 4450 1406 4497 subiecerat
1428 4448 1472 4496 OB
1575 4463 1655 4512 propr.
1678 4463 1743 4499 nom.
1763 4465 1812 4499 om.

190 4536 235 4584 OB
368 4534 499 4583 acliulium
522 4533 573 4594 ΟΒ,
596 4534 759 4582 uthliuuiium
778 4534 831 4596 AY,
853 4533 1007 4582 athiuuiium
1028 4535 1049 4582 Z
1181 4531 1278 4601 auimu]
1296 4534 1399 4595 HPVL,
1419 4548 1486 4582 annu
1509 4534 1537 4591 O,
1559 4536 1670 4582 animum
1688 4535 1783 4583 ABXY

186 4623 358 4685 precationem
376 4620 407 4682 Β,
428 4621 623 4682 preuaricatores
643 4620 674 4679 0,
695 4621 881 4681 praeuaricator
899 4633 930 4668 ex
950 4619 972 4666 Β
1089 4619 1118 4668 11
1139 4633 1274 4668 suenorum
1294 4622 1316 4667 A
1420 4621 1565 4669 numinibus
1583 4620 1604 4668 L
1709 4624 1815 4685 neglesit

188 4709 210 4755 P
333 4689 457 4766 tyrranica
477 4707 519 4765 (ric
538 4705 592 4767 ΒΡ)
614 4707 724 4754 elatione
742 4707 891 4766 superbiens
913 4706 1071 4769 isrrperuiens
1090 4702 1163 4773 ΡΠ]
1181 4707 1308 4754 tirannide
1331 4706 1494 4767 (tyrannidem
1513 4706 1543 4769 B)
1565 4709 1748 4769 superueniens
1770 4706 1815 4755 ΟΒ

189 4791 220 4841 12
237 4789 376 4858 prouincia]
395 4793 530 4854 pronuntia
552 4791 573 4837 O
711 4798 830 4855 optenere
851 4790 873 4838 0
1011 4788 1071 4859 qua]
1088 4793 1148 4854 qnia
1165 4791 1195 4852 L,
1216 4806 1291 4854 quam
1311 4792 1333 4838 A
1483 4792 1513 4842 13
1532 4789 1572 4860 ea]
1590 4807 1645 4842 eum
1663 4793 1783 4841 AOBXY

187 4876 332 4945 subigisset]
351 4877 430 4937 HPV,
456 4880 599 4938 subegisset
616 4877 741 4937 LAXYZ,
768 4879 918 4927 subiecisset
939 4877 984 4925 OB
1095 4941 1098 4946 A
1121 4874 1174 4944 uir]
1192 4884 1222 4926 ut
1242 4877 1287 4925 OB
1320 4906 1322 4911 <
1426 4891 1577 4927 uuernornm
1599 4878 1653 4938 OB,
1673 4893 1814 4928 uarruoruru

189 4963 258 5012 Al'Z
396 4964 493 5024 gothice
512 4965 615 5025 sanguis
636 4963 657 5010 O
799 4963 829 5012 14
848 4963 991 5013 libertatem
1009 4964 1037 5027 Ρ,
1058 4965 1170 5012 libertati
1191 4964 1238 5011 AB
1379 4963 1416 5012 15·
1428 4962 1571 5031 reseruans]
1590 4980 1692 5014 seruans
1711 4965 1780 5013 ΑΘΒ

187 5049 346 5098 theoderidus
370 5049 442 5111 Vir,
466 5050 621 5109 theodoritus
643 5050 688 5097 ΟΒ
825 5063 960 5111 pernarum
980 5049 1002 5097 L
1155 5048 1186 5099 16
1204 5049 1348 5098 deiecerant
1368 5050 1389 5097 Β
1529 5050 1558 5099 ii
1578 5064 1672 5112 congua
1691 5049 1735 5112 L‘,
1756 5065 1816 5101 con·

188 5149 248 5196 gnra
266 5122 300 5181 12⁶
420 5130 461 5201 eo]
479 5149 493 5184 e
514 5134 535 5206 .⁰
660 5130 805 5201 exigerunt]
826 5135 902 5197 HPV,
924 5137 1044 5184 exierunt
1061 5136 1090 5192 Β,
1112 5143 1252 5196 exegerunt
1271 5133 1410 5198 Aoum,
1431 5139 1563 5197 exigerent
1581 5137 1613 5184 Al
1736 5138 1814 5187 ultio-

189 5216 257 5287 nem]
275 5221 411 5268 ulndictem
431 5221 453 5267 A
592 5222 680 5269 saletio
700 5220 722 5268 0
871 5219 1135 5283 recomposuimus
1272 5235 1321 5284 que
1340 5235 1388 5269 om.
1404 5221 1475 5269 ΑΘΒ
1616 5222 1647 5272 19
1666 5227 1738 5273 sueni
1758 5227 1780 5273 A

187 5305 312 5354 rectorio
417 5304 450 5354 20
468 5306 614 5356 theoderidu
633 5307 660 5369 V,
681 5307 854 5356 theodoridnm
870 5307 898 5364 Z,
920 5307 1088 5356 theodoritum
1103 5308 1148 5356 OB
1252 5309 1370 5356 direxerit
1386 5306 1430 5368 θ’,
1451 5308 1609 5356 dixeruntl'
1711 5309 1740 5359 21
1760 5316 1815 5372 poet

187 5393 354 5454 inpunitatem
373 5392 454 5438 littera
472 5407 544 5441 muta
561 5393 589 5438 ll
726 5390 872 5459 suanorum]
891 5407 1025 5441 suenorum
1044 5395 1074 5456 A,
1105 5408 1206 5442 suorum
1226 5393 1246 5441 Β
1385 5389 1426 5460 ut]
1444 5399 1471 5442 et
1488 5401 1518 5442 nt
1536 5394 1615 5457 ΑΘΒ,
1642 5402 1672 5443 ut
1690 5402 1716 5443 et
1734 5396 1783 5443 AY

187 5476 414 5537 constituerintO,
436 5480 622 5526 constituerunt
640 5480 661 5525 A
810 5478 842 5527 22
862 5480 930 5528 ilexu
951 5479 971 5526 V
1108 5480 1307 5528 remismundum
1328 5479 1381 5540 ΟΒ,
1401 5480 1587 5529 remissundum
1612 5480 1660 5545 YZ,
1680 5483 1813 5530 remissum

186 5565 246 5613 dum
266 5564 290 5611 Χ
394 5565 468 5611 sueni
488 5563 511 5609 A
