4246 6082
893 312 1122 370 PROOEMIVII.
1704 305 1819 371 XXIX

197 563 293 627 quarn
324 541 464 607 servavit
491 547 601 607 auctor
630 538 762 622 originis
790 537 897 622 gentis
925 540 1089 605 Romanae
1117 536 1357 622 plenioremque
1387 555 1482 618 quam
1511 553 1569 599 nos
1598 533 1678 617 legit
1699 531 1819 597 Paulus

195 663 370 746 Diaconus,
396 663 511 727 effecta
532 682 573 727 44
595 658 829 726 commentariis
852 659 1058 743 Vergilianis.

280 783 340 847 XI.
369 783 547 848 ‘humanus
569 798 820 857 cousvnvuqvn
843 797 960 845 snsms
968 783 1036 862 ’55),
1062 799 1142 864 quos
1163 779 1196 843 in
1219 777 1347 861 epilogo
1363 778 1575 842 Romanorum
1598 775 1777 841 evolvere
1768 796 1818 839 ru-

192 904 286 968 64144
308 903 362 986 qui
384 901 563 967 accuratius
584 921 690 966 rerum
712 901 928 985 praesentium
951 906 1067 967 statum
1089 899 1251 964 infelicem
1275 917 1466 981 cognoscere
1489 895 1607 982 cupiat,
1637 897 1815 980 quibusque

186 1023 328 1107 scriptor
350 1028 382 1089 et
403 1021 437 1086 in
459 1022 520 1086 hoc
541 1021 651 1086 libello
674 1027 706 1086 et
728 1020 761 1085 in
783 1020 916 1086 alterius
938 1027 1029 1105 parte
1052 1020 1144 1086 utilia
1165 1020 1319 1104 pleraque
1341 1016 1456 1100 debet,
1486 1037 1557 1082 cum
1580 1017 1816 1083 continuatione

143 1149 145 1152 ⁴
192 1142 443 1227 Hieronymiana
464 1141 644 1207 Marcellini
673 1141 798 1207 comitis
820 1147 853 1206 et
873 1139 1017 1206 auctario
1039 1140 1109 1205 eius
1131 1147 1167 1205 ut
1188 1160 1286 1224 saepe
1308 1138 1351 1204 ad
1373 1139 1505 1204 verbum
1528 1138 1737 1220 conveniunt,
1770 1137 1837 1227 ital

194 1265 347 1329 Iordanes
368 1261 515 1327 adhibuit
536 1262 670 1326 annales
692 1261 809 1327 nostris
834 1261 1003 1326 auctiores.
1050 1260 1186 1344 primurn
1216 1281 1289 1326 cum
1319 1258 1497 1325 Marcellini
1526 1258 1700 1323 auctarium
1731 1257 1834 1340 quod

192 1363 347 1450 habemns
370 1382 524 1447 subsistat
545 1382 722 1447 mutilum
713 1403 746 1446 m
764 1403 796 1446 a.
816 1384 889 1464 548,
915 1379 1069 1446 Iordanes
1083 1379 1119 1445 id
1135 1400 1307 1466 usurpasse
1322 1380 1450 1446 videtur
1465 1379 1636 1446 deductum
1652 1376 1719 1443 ad
1710 1397 1816 1462 ipsum
1831 1396 1839 1477 p

193 1525 254 1586 quo
277 1503 405 1588 scripsit
425 1524 544 1568 annum
567 1506 646 1567 551:
680 1523 754 1567 narn
776 1522 860 1583 quae
886 1508 994 1567 narrat
1023 1500 1065 1566 ad
1095 1520 1195 1567 annos
1225 1508 1384 1567 extremos
1411 1499 1605 1585 pertinentia
1626 1519 1689 1564 non
1711 1498 1816 1563 minus

192 1645 288 1708 quarn
317 1623 424 1708 priora
454 1643 494 1689 44
523 1623 613 1690 libris
642 1623 841 1708 potissimum
871 1623 972 1707 petita
1000 1621 1166 1704 videntur,
1202 1642 1307 1705 neque
1335 1621 1547 1706 improbabile
1577 1627 1628 1686 est
1659 1591 1843 1685 eiusmodi,

193 1745 319 1810 libcllos
340 1745 387 1809 ita
408 1744 543 1811 venales
565 1742 755 1828 prostitisse,
783 1748 834 1826 ut,
860 1743 916 1825 qui
937 1742 1102 1827 exemplar
1124 1748 1259 1823 emeret,
1286 1740 1420 1807 haberet
1440 1760 1493 1806 res
1515 1747 1625 1823 gestas
1646 1739 1689 1804 ad
1711 1739 1814 1824 ipsum

193 1865 248 1948 qui
271 1865 417 1931 currebat
437 1884 556 1928 annum
578 1864 792 1929 continuatas.
838 1861 873 1926 id
894 1870 929 1927 ut
950 1862 985 1926 in
1007 1863 1189 1927 coniectura
1210 1861 1349 1947 positum
1372 1868 1431 1945 est,
1456 1862 1503 1927 ita
1524 1867 1648 1926 constat
1669 1859 1714 1925 ihi
1737 1876 1838 1943 quo-⁸

193 2006 272 2069 que,
306 1985 362 2050 ubi
384 1984 604 2049 Marcellinum
627 1984 802 2067 habemus,
834 1983 1003 2048 Iordanem
1027 2001 1125 2067 saepe
1147 1982 1262 2048 aliene
1291 2001 1374 2066 qnae
1404 1981 1490 2067 apud
1519 1982 1603 2048 hunc
1634 1980 1835 2047 desiderata

191 2105 399 2170 nihilominus
421 2110 533 2189 aperte
555 2104 688 2170 veniunt
708 2124 749 2168 cx
772 2103 886 2168 eodem
908 2110 1050 2168 auctore.
1097 2124 1192 2186 quam
1216 2104 1256 2168 ob
1279 2123 1345 2168 rem
1368 2108 1424 2168 aut
1445 2102 1667 2168 Marcellinum
1689 2102 1837 2167 breuia-¹

192 2233 258 2292 turn
286 2226 461 2308 habemus,
494 2231 551 2289 aut
579 2224 685 2309 ipsum
716 2223 785 2289 eius
812 2222 985 2289 chronicon
1014 2243 1077 2288 non
1106 2231 1155 2288 est
1184 2223 1246 2288 nisi
1275 2223 1413 2308 epitome
1441 2222 1606 2288 annalium
1636 2223 1815 2307 pleniorum

192 2366 322 2429 eosque,
347 2366 411 2410 nou
425 2345 684 2412 Marcellinianos
698 2342 852 2409 Iordanes
875 2343 1034 2409 adhibuit.
1073 2343 1108 2409 id
1131 2364 1202 2410 cum
1224 2344 1258 2408 in
1272 2344 1457 2409 universum
1471 2351 1589 2429 pateat,
1615 2344 1694 2408 mihi
1708 2350 1814 2410 autern

191 2467 225 2531 in
247 2465 383 2531 edendis
405 2465 564 2531 chronicis
586 2465 682 2531 latius
706 2464 746 2530 de
769 2485 807 2530 eo
827 2471 1017 2548 argumento
1040 2464 1203 2548 agendum
1227 2463 1285 2548 sit,
1319 2463 1373 2529 hic
1395 2465 1474 2530 satis
1497 2464 1558 2530 erit
1581 2484 1648 2528 reru
1678 2463 1817 2530 breviter

68 2614 70 2618 ¹
190 2586 346 2668 tetigisse.
371 2624 413 2632 -
435 2586 485 2651 De
508 2585 678 2650 annalibus
699 2584 852 2650 adhibitis
874 2585 917 2650 ad
939 2585 1122 2651 Geticurum
1145 2592 1268 2670 partem
1291 2605 1380 2668 eam,
1407 2604 1490 2668 qnae
1512 2592 1641 2669 propter
1663 2582 1815 2668 temporis

191 2707 330 2772 rationes
351 2706 555 2772 Cassiodorio
576 2705 674 2771 tribui
696 2711 810 2790 potest,
837 2704 871 2770 in
893 2707 1078 2772 auctoribus
1100 2705 1282 2771 Geticorum
1307 2705 1533 2789 disputabitur.

278 2827 354 2891 XII.
380 2827 511 2891 (144444
533 2825 619 2909 quod
640 2825 673 2889 in
695 2825 893 2910 praefatione
907 2828 1121 2892 Romanorum
1143 2832 1218 2891 ante
1233 2826 1314 2891 haec
1329 2845 1364 2890 se
1379 2825 1559 2891 absolvisse
1574 2831 1684 2891 auctor
1699 2825 1755 2907 ait,
1780 2824 1816 2889 id
1828 2841 2021 2885 (44414444

192 2966 243 3011 444
267 2946 448 3012 confirmat:
474 2966 549 3011 nam
571 2945 692 3030 passim
715 2945 782 3010 illis
804 2946 838 3010 14
860 2947 961 3011 altero
984 2946 1096 3012 libello
1118 2966 1197 3012 usus
1219 2951 1321 3012 44141
1344 2945 1399 3011 ubi
1421 2946 1582 3029 differunt,
1609 2945 1725 3011 Getica
1745 2946 1817 3031 ple-

193 3087 326 3149 rumque
348 3067 495 3151 pleniora
517 3073 645 3132 suntet
667 3064 772 3130 minus
794 3072 951 3151 corrupta,
977 3066 1122 3131 Romana
1143 3066 1289 3132 breviata
1311 3065 1416 3150 magis
1438 3073 1471 3132 et
1492 3066 1596 3151 magis
1618 3068 1813 3152 perturbata.

190 3186 341 3252 notabilis
364 3195 414 3252 est
434 3187 523 3253 locus
547 3188 638 3251 Rom.
656 3206 685 3251 4.
706 3189 767 3250 373
783 3216 824 3241 =
841 3185 914 3252 Gct.
933 3190 984 3268 60,
1005 3189 1079 3271 311,
1105 3187 1159 3252 uhi
1181 3194 1292 3253 auctor
1313 3188 1459 3252 Romana
1482 3187 1658 3272 compilans
1680 3187 1817 3272 primum

192 3306 307 3371 Getica
336 3306 369 3371 in
400 3305 732 3391 epitomenrcdegit,
765 3305 882 3372 deinde
913 3326 953 3371 ex
982 3307 1154 3372 annalibus
1181 3308 1341 3391 quaedam
1370 3308 1417 3374 ita
1445 3309 1651 3393 interposuit,
1686 3316 1721 3374 ut
1742 3315 1816 3373 ante

191 3426 310 3510 scripta
339 3426 423 3492 male
454 3427 624 3493 divelleret
655 3429 696 3510 (v.
721 3448 753 3512 p.
779 3430 820 3490 49
842 3433 909 3493 441.
927 3430 973 3512 2).
1020 3429 1079 3494 446
1100 3427 1272 3512 aliquoties
1293 3429 1375 3496 ratio
1397 3430 1527 3495 inversa
1548 3435 1608 3495 est.
1653 3429 1701 3495 ita
1722 3430 1814 3494 Rom.

191 3550 252 3610 314
276 3577 319 3601 =
341 3546 414 3612 Get.
440 3550 491 3630 26,
521 3549 580 3611 138
610 3547 667 3612 1114
698 3547 779 3612 libro
801 3548 955 3614 Iordanes
984 3548 1027 3613 ad
1057 3550 1189 3616 verbum
1219 3548 1327 3616 reddit
1355 3556 1516 3615 auctorem
1538 3550 1698 3616 Victorem
1721 3570 1816 3633 quem

191 3666 315 3750 dicunt,
349 3667 412 3732 hoc
440 3667 573 3733 liberius
596 3688 669 3734 eum
691 3668 857 3751 tractavit,
891 3669 1014 3735 scilicet
1035 3669 1186 3752 qnoniam
1208 3669 1390 3755 adsumpsit
1410 3671 1614 3735 ammianum
1635 3671 1688 3735 vel
1710 3670 1816 3755 potius

190 3807 273 3870 quae
295 3785 520 3853 Cassiodorius
542 3808 583 3853 ex
597 3788 766 3855 Ammiano
789 3790 949 3875 excerpsit
975 3790 1027 3873 (cf.
1045 3811 1077 3874 p.
1096 3790 1231 3875 XLIII).
1269 3791 1346 3855 item
1370 3790 1398 3856 si
1420 3789 1621 3875 comparabis
1642 3791 1735 3855 Rom.
1753 3793 1816 3854 344

190 3907 235 3971 14.
261 3907 389 3974 411141.
414 3912 465 3988 46,
493 3912 565 3989 242,
592 3910 683 3973 Rom.
710 3912 771 3974 373
802 3917 835 3976 41
863 3909 937 3976 Get.
964 3915 1015 3993 66,
1043 3914 1121 3993 311,
1154 3910 1214 3975 1114
1244 3918 1420 3992 sequuntur
1448 3911 1520 3996 ipsa
1549 3911 1647 3976 verba
1676 3910 1816 3976 auctoris

191 4028 387 4113 Marcellini,
420 4029 500 4094 haec
530 4028 657 4112 longius
687 4030 729 4094 ab
759 4029 801 4095 114
830 4030 959 4096 absunt.
989 4031 1108 4109 ,etiam
1137 4050 1223 4096 mors
1250 4031 1467 4096 Valentiniani
1492 4033 1541 4096 III
1570 4032 1662 4097 Rom.
1689 4035 1750 4096 334
1773 4061 1816 4084 =

192 4147 265 4212 Get.
291 4154 342 4230 45,
370 4151 432 4213 236
453 4170 504 4215 cx
532 4148 703 4215 annalibus
730 4150 776 4215 ita
804 4157 965 4234 narratur,
1003 4158 1037 4216 ut
1070 4158 1183 4216 neuter
1216 4151 1304 4216 locus
1334 4172 1375 4217 ex
1402 4152 1504 4217 altero
1534 4151 1713 4237 descriptus
1744 4171 1814 4217 esse

192 4268 305 4352 possit.
351 4290 447 4351 quam
476 4269 517 4334 ob
546 4288 614 4333 rem
644 4288 726 4350 quae
755 4270 789 4334 in
817 4277 950 4351 utroque
979 4269 1060 4335 libro
1089 4277 1265 4337 tractantur
1287 4272 1366 4336 satis
1389 4273 1491 4338 multa
1512 4279 1736 4357 comparentur
1757 4293 1816 4337 ne-

192 4407 282 4454 cesse
305 4397 355 4455 est
376 4396 409 4454 et
430 4388 644 4473 expendatur,
681 4395 785 4453 utrum
807 4391 952 4456 Romana
979 4412 1001 4456 a
1030 4389 1151 4456 Geticis
1180 4391 1344 4475 pendeant
1372 4414 1415 4457 an
1441 4400 1575 4477 utraque
1604 4393 1744 4458 narratio
1773 4393 1814 4457 ab

190 4509 303 4573 eodem
325 4515 453 4574 auctore
475 4509 576 4595 petita
596 4509 649 4575 sit.

276 4630 432 4695 Auctores
454 4629 576 4695 Geticis
598 4630 740 4714 proprios
763 4632 823 4697 etsi
844 4632 888 4698 ad
902 4633 1047 4697 Romana
1068 4652 1131 4696 non
1153 4638 1308 4718 perpetuo
1329 4632 1492 4700 adhibitos
1514 4654 1587 4700 esse
1608 4634 1720 4700 horum
1740 4655 1815 4701 con-

88 4763 92 4770 ·
190 4748 275 4814 dicio
304 4750 471 4817 evidenter
501 4749 713 4834 demonstrat,
746 4772 786 4816 en
814 4752 1069 4818 Cassiodorianis
1098 4753 1257 4837 quaedam
1283 4754 1436 4818 Romanis
1464 4775 1591 4838 quoquc
1620 4756 1712 4821 illata
1740 4776 1814 4823 csse

191 4890 254 4935 non
276 4878 397 4935 certum
419 4869 549 4953 quidem
573 4877 630 4950 est,
657 4870 716 4935 sed
737 4872 805 4936 veri
827 4872 944 4937 simile.
982 4873 1028 4938 ita
1050 4895 1132 4958 quae
1155 4876 1195 4941 de
1211 4874 1333 4958 Illyrici
1356 4875 1500 4941 cessione
1516 4876 1744 4941 Valentiniana
1762 4898 1814 4942 re-

190 4989 253 5055 fert
278 4991 316 5054 R.
341 5011 370 5055 c.
398 4993 460 5054 329
487 5010 558 5055 curn
580 4990 715 5055 redeant
737 4992 825 5076 apud
846 5013 944 5057 unum
967 4994 1203 5060 Cassiodorinm
1233 5015 1370 5077 eumque
1399 5003 1518 5060 certum
1548 4996 1590 5060 sit
1618 4996 1651 5060 in
1680 4996 1814 5063 historia

191 5109 232 5175 de
260 5131 301 5175 ca
330 5110 401 5175 fuse
431 5110 554 5195 egisse,
592 5111 725 5196 scriptor
753 5132 858 5176 rerum
886 5115 1087 5199 Illyricarum
1117 5115 1262 5180 curiosus
1290 5114 1326 5180 id
1353 5115 1429 5180 inde
1462 5115 1588 5181 videtur
1620 5117 1809 5183 adscivisse.

189 5231 330 5296 narratio
352 5231 392 5296 de
415 5231 565 5296 extremis
587 5231 783 5316 temporibus
805 5232 932 5318 imperii
954 5234 1138 5301 Occidentis
1165 5239 1203 5319 14.
1230 5239 1409 5321 sss—339)
1437 5256 1507 5302 curn
1530 5256 1593 5300 non
1616 5257 1720 5321 pauca
1740 5244 1812 5303 tan-

276 5532 317 5594 551
338 5532 458 5580 Similiter
481 5546 495 5577 a
519 5531 636 5591 Gregorio
660 5531 799 5581 Turonensi
824 5533 884 5580 hist.
904 5532 990 5582 Franc.
1013 5533 1037 5592 2,
1057 5534 1073 5581 9
1097 5536 1209 5583 citantur
1234 5533 1407 5584 ι4444ιι1441ιι’Ι
1448 5535 1606 5597 Eplphauius
1630 5551 1728 5599 quoque
1752 5536 1808 5586 adv.

188 5616 284 5665 haeres.
304 5617 329 5677 2,
351 5616 380 5664 51
401 5632 426 5678 p.
442 5615 493 5665 432
510 5617 587 5666 11146.
607 5620 721 5666 44444144
739 5619 830 5679 quibus
850 5625 923 5667 uatus
942 5620 975 5666 411
994 5619 1108 5668 Christus
1126 5623 1186 5670 41141
1204 5622 1240 5679 ὡς
1258 5620 1312 5691 ἔχει
1329 5616 1361 5669 τὰ
1378 5617 1448 5688 παρὰ
1462 5613 1604 5687 Ῥωμαίοις
1623 5619 1758 5692 ὑπατάρια.
