4246 6082
311 310 353 372 60
1034 308 1213 365 lORDANlS

179 496 226 561 lIl
248 494 290 561 91
313 496 476 562 Scandiae
498 496 645 563 nationes
667 518 783 564 nomen
805 498 867 563 sibi
889 474 929 565 oh
951 499 1052 565 nimia
1073 499 1263 585 proceritate
1284 499 1438 564 affectant
1458 497 1676 584 praecipuum.
1722 507 1799 565 sunt
1823 518 1952 583 quam-

311 620 407 682 quam
429 601 594 665 ethorum
618 602 763 685 positura
785 602 936 682 Grannii,
967 602 1154 686 Augandzi,
1188 602 1323 682 Eunixi,
1356 602 1489 682 Taetel,
1522 601 1625 686 Regi,
1658 602 1793 682 Aroehi,
1828 602 1946 668 Banii.

310 702 427 784 quibus
448 723 511 767 non
534 712 609 769 ante
632 705 748 770 multos
771 724 872 769 annos
895 704 1040 770 lloduuli'
1056 725 1113 771 rex
1135 705 1205 786 fuit,
1231 706 1286 788 qui
1308 711 1488 789 contempto
1509 705 1636 790 proprio
1657 725 1755 790 regno
1770 705 1813 771 ad
1829 704 1949 772 Theo-

309 804 409 871 derici
432 805 606 872 Gothorum
630 808 716 890 regis
739 808 862 892 gremio
884 809 1065 874 convolavit
1086 815 1135 889 et,
1161 816 1197 874 ut
1217 808 1433 888 desiderabat,
1457 807 1591 872 invenit.
1638 808 1700 873 hae
1720 807 1832 891 itaque
1855 828 1945 892 gen-

309 914 370 987 tes,
396 907 567 974 Germanis
590 929 720 994 corpere
742 916 775 975 et
796 910 903 976 animo
925 910 1125 994 grandiores,
1151 912 1339 996 pugnabant
1360 911 1494 976 beluina
1516 909 1664 976 saevitia.
1967 939 1982 979 a

181 1013 224 1076 lV
247 1015 288 1076 25
397 1012 446 1076 Ea
475 1013 538 1078 hac
567 1012 666 1097 igitur
687 1012 835 1079 Scandza
861 1014 970 1080 insula
999 1014 1092 1095 quasi
1122 1013 1252 1079 officina
1273 1014 1417 1098 gentium
1440 1020 1497 1079 aut
1517 1019 1604 1079 certe
1625 1013 1713 1078 velut
1733 1013 1856 1097 vagina
1878 1034 1945 1079 na-

308 1112 431 1183 nonum
461 1135 532 1180 cum
563 1136 639 1199 rege
670 1135 729 1181 suo
751 1117 879 1182 nomine
903 1117 1001 1200 Berig
1022 1116 1121 1183 Gothi
1142 1116 1304 1199 quondam
1327 1122 1541 1182 memorantur
1562 1116 1703 1200 egressi:
1734 1117 1789 1200 qni
1808 1124 1847 1182 nt
1870 1117 1946 1202 pri-

246 1229 249 1234 ·
311 1236 397 1281 mum
428 1237 446 1282 e
475 1217 613 1283 navibus
642 1219 787 1284 exientes
815 1226 918 1284 terras
946 1219 1137 1302 attigemnt,
1170 1219 1245 1284 ilico
1266 1238 1381 1284 nomen
1403 1218 1464 1284 loci
1487 1218 1656 1285 dederent.
1700 1239 1774 1284 nam
1796 1219 1944 1304 odioque

125 1362 135 1376 ,
241 1321 289 1384 ’16
312 1318 391 1401 illic,
417 1325 453 1384 ut
475 1319 585 1401 fertur,
611 1320 849 1389 Gothiscandza
870 1330 1012 1388 vocatur.
1051 1323 1138 1388 unde
1160 1342 1234 1387 mox
1255 1328 1479 1406 promoventes
1501 1321 1545 1387 ad
1566 1322 1661 1387 sedes
1675 1322 1939 1406 Vlmorugorum,

310 1421 368 1504 qui
390 1429 466 1487 tune
488 1420 609 1488 Oceani
631 1424 718 1508 ripas
740 1425 935 1507 insidebant,
965 1432 1072 1491 castm
1093 1425 1205 1490 metati
1226 1432 1301 1490 sunt
1321 1443 1440 1507 eosque
1462 1424 1634 1490 commisso
1654 1424 1776 1508 proelio
1797 1425 1944 1510 propriis
1965 1452 1995 1493 re

311 1522 444 1590 sedibus
466 1527 674 1610 pepulemnt,
709 1548 880 1613 eorumque
910 1526 1220 1596 vicinos.Vandalos
1248 1528 1312 1593 iam
1335 1536 1411 1593 tunc
1432 1526 1642 1611 subiugantes
1663 1528 1731 1593 suis
1752 1528 1943 1612 aplleauere

310 1626 463 1693 victmiia
510 1628 565 1694 ubi
597 1649 672 1694 vero
705 1651 824 1715 magna
856 1632 966 1717 populi
999 1630 1227 1697 numerositate
1260 1637 1424 1696 crescente
1453 1636 1487 1695 et
1514 1630 1579 1695 iam
1608 1650 1692 1714 pene
1719 1631 1829 1715 quinto
1858 1650 1943 1716 rege

310 1737 465 1812 regnante
492 1738 563 1814 post
585 1731 683 1816 Berig
704 1732 854 1813 lilimer,
885 1734 951 1799 filio
974 1734 1165 1817 Gadarigis,
1199 1733 1332 1799 consilio
1360 1733 1462 1814 sedit,
1496 1739 1531 1798 ut
1559 1733 1678 1799 exinde
1707 1752 1779 1799 enm
1801 1732 1942 1801 familiis

249 1838 289 1898 97
313 1831 487 1898 Gothorum
519 1843 719 1916 promoveret
747 1837 917 1903 exercitus.
971 1837 1025 1919 qui
1054 1836 1239 1921 aptissimas
1269 1835 1365 1902 sedes
1394 1838 1550 1919 locaquae
1578 1835 1655 1901 dum
1683 1844 1831 1921 quereret
1860 1856 1943 1903 eon-

311 1955 410 2019 grua,
445 1937 592 2020 pervenit
617 1937 660 2004 ad
682 1938 835 2024 Scythiae
857 1947 975 2021 terras,
1008 1960 1092 2023 quae
1115 1939 1228 2023 lingua
1249 1959 1359 2005 eorum
1383 1938 1478 2005 Oium
1502 1939 1713 2004 vocabantur:
1747 1938 1801 2004 ubi
1824 1938 1940 2006 delec-
1961 1968 1994 2008 rs

310 2044 397 2102 tatus
419 2058 537 2120 magna
560 2041 705 2107 ubertate
727 2043 892 2126 regionum
916 2050 949 2109 et
970 2042 1129 2108 exercitus
1151 2042 1345 2108 mediaetate
1366 2041 1561 2127 transposita
1582 2061 1663 2126 pone
1685 2041 1817 2123 dicitur,
1850 2041 1941 2109 unde

311 2160 437 2205 amnem
468 2142 656 2225 traiecerat,
688 2144 946 2230 inreparabiliter
974 2147 1151 2227 corruisse,
1184 2166 1243 2211 nec
1272 2145 1407 2211 ulterius
1435 2143 1501 2209 iam
1530 2143 1657 2208 cuidam
1687 2143 1779 2210 licuit
1807 2145 1855 2210 ire
1880 2153 1942 2211 ant

313 2241 430 2308 redire.
477 2245 604 2309 nemis
626 2247 733 2321 locus,
759 2255 794 2314 ut
815 2248 931 2331 fertur,
956 2249 1102 2315 tremulis
1124 2248 1300 2333 paludibus
1322 2247 1476 2330 voragine
1499 2246 1702 2313 circumiecta
1723 2247 1937 2330 concluditur,

312 2366 406 2430 quem
437 2353 570 2430 utraque
599 2348 787 2417 confusione
816 2360 930 2418 natura
957 2351 1099 2418 reddidit
1124 2351 1316 2436 impervium.
1370 2357 1588 2416 vemmtamen
1618 2348 1778 2433 hodieque
1804 2348 1875 2415 illic
1906 2357 1942 2416 et

313 2467 408 2514 voees
430 2456 645 2517 armentorum
668 2452 772 2518 audiri
794 2461 827 2519 et
847 2453 967 2520 indicia
988 2454 1152 2520 hominum
1175 2452 1395 2539 depraehendi
1417 2451 1663 2519 commeantium
1684 2450 1937 2535 attestationem,
1960 2479 1993 2521 ae

251 2558 292 2620 18
314 2552 462 2635 quamvis
492 2574 513 2618 a
542 2555 639 2638 longe
667 2555 884 2639 audientium,
919 2557 1050 2623 credere
1079 2558 1166 2624 lieet.
1212 2557 1293 2623 haee
1322 2576 1399 2640 ergo
1421 2575 1496 2641 pars
1520 2554 1713 2636 Gothorum,
1744 2574 1829 2640 quae
1849 2554 1941 2642 apud

400 2866 427 2913 11
438 2865 461 2912 P
477 2866 497 2913 V
510 2865 530 2914 L
542 2868 564 2914 Α
580 2865 602 2914 0
618 2867 705 2930 (deficit
719 2867 749 2916 il
762 2870 791 2916 in
802 2867 939 2928 traiecerat)
957 2869 1017 2916 ΒΧ
1027 2868 1062 2932 (Y
1074 2867 1114 2930 Z).
1148 2867 1209 2918 lieu.
1226 2873 1249 2927 1,
1267 2869 1392 2929 191199,
1411 2871 1439 2914 11
1454 2849 1490 2914 ud
1499 2883 1523 2914 e.
1538 2866 1566 2915 b:
1588 2866 1696 2913 insulam
1717 2863 1862 2926 (semmam)
1884 2901 1940 2917 ...

313 2952 434 3001 londanus
452 2954 655 3013 sapientissimus
674 2955 866 3017 cosmographus
878 2955 997 3005 Sauram
1015 2955 1137 3017 appellat:
1158 2967 1190 3000 ex
1209 2968 1258 3014 qua
1275 2954 1357 3001 insula
1376 2953 1517 3015 pariterque
1535 2958 1623 3011 gentes
1641 2951 1805 3000 occidentales
1823 2964 1941 3013 egressae

314 3044 382 3097 sunt,
404 3051 460 3085 nam
479 3037 572 3087 Gothos
590 3045 617 3086 et
635 3040 718 3088 Dauos
739 3040 781 3100 (cf.
803 3039 872 3089 Ierd.
891 3043 918 3102 3,
933 3040 986 3101 2³),
1005 3041 1082 3089 immo
1099 3040 1175 3087 simul
1194 3038 1302 3102 (lepidas
1324 3038 1367 3098 (cs.
1388 3036 1454 3086 iord.
1476 3040 1517 3095 11,
1533 3040 1574 3099 94)
1595 3051 1626 3085 ex
1646 3051 1676 3086 aa
1693 3037 1835 3099 antiquitus
1853 3038 1941 3088 exisse

216 3128 221 3135 “
313 3123 432 3183 legimus3
457 3122 491 3182 ef.
513 3125 536 3182 5,
557 3127 592 3172 311
609 3139 634 3183 p.
655 3127 715 3183 499,
736 3127 760 3184 9,
780 3126 823 3173 ubi
840 3129 897 3173 item
914 3126 1034 3173 medetur
1051 3125 1162 3173 lordanb
1180 3125 1355 3187 sagacimmus
1373 3123 1585 3185 chronographus,
1612 3127 1669 3172 item
1687 3129 1712 3183 4,
1732 3129 1791 3183 tp.
1811 3124 1871 3184 rie,
1895 3126 1937 3173 1³.

315 3206 445 3267 Frecutsee
464 3213 488 3266 1,
509 3210 533 3269 9,
555 3212 587 3260 95
606 3207 664 3276 [16]
684 3211 726 3272 (ed
746 3210 756 3259 i
778 3213 941 3274 praecipuum
959 3238 992 3247 -
1009 3227 1026 3260 u
1044 3210 1060 3260 6
1078 3209 1119 3258 lix
1137 3211 1204 3273 hae).

403 3360 411 3410 l
435 3361 563 3429 smndiae]
581 3364 661 3424 HPV,
681 3366 809 3413 scandulae
828 3365 881 3425 Ll',
901 3367 1017 3414 scanziae
1036 3364 1089 3424 ΟΒ,
1110 3365 1230 3413 seanduae
1250 3365 1279 3423 11,
1301 3377 1374 3412 sesne
1393 3365 1414 3410 Α
1520 3363 1621 3412 nimiam
1639 3361 1781 3411 Lnonxr
1882 3377 1943 3425 pre·

314 3449 442 3496 ceritatem
461 3446 595 3510 LA²BXY,
616 3452 761 3511 procerliem
781 3449 815 3496 Α1
935 3458 996 3499 surrt
1013 3447 1071 3517 qu]
1087 3465 1238 3513 quamquam
1259 3450 1288 3509 ri,
1309 3464 1351 3510 qn.
1372 3454 1434 3498 suut
1453 3450 1476 3496 Χ
1609 3443 1940 3514 anomm1ffl’vuaxr,

314 3535 415 3582 iliorum
438 3533 482 3581 OB
594 3536 683 3610 granrd
701 3536 828 3589 ΑΟΧΥΖ.
848 3537 968 3595 grantiL
1080 3536 1202 3595 augandzi
1225 3535 1340 3596 (augensi
1358 3534 1414 3592 LA,
1435 3535 1537 3594 auganti
1553 3534 1583 3593 V)
1605 3534 1709 3582 ennixlt
1727 3533 1807 3595 (euni
1824 3535 1855 3595 A)
1875 3534 1943 3582 aetel

317 3619 410 3680 (bethel
430 3621 459 3682 A)
482 3623 538 3681 rugi
556 3622 688 3681 HPVLA,
713 3624 834 3683 augaudzl
853 3625 941 3671 eunlxl
960 3624 1043 3684 gethei
1065 3623 1138 3682 (getel
1162 3622 1194 3682 l')
1216 3622 1271 3680 rugi
1291 3620 1345 3683 ΧΥ,
1372 3622 1516 3680 aigandzlae
1533 3619 1622 3668 eunixl
1640 3619 1782 3680 getheIrugi
1801 3618 1836 3682 Ζ,
1863 3632 1943 3681 agan·

315 3705 368 3753 zise
386 3708 478 3753 uniret
498 3706 601 3766 (unixae
613 3709 643 3771 Β)
665 3709 789 3769 ethelrugi
810 3710 934 3769 [ethelrug
950 3707 994 3769 0⁰)
1019 3707 1064 3756 ΟΒ
1168 3708 1236 3775 archi
1255 3709 1285 3770 L,
1306 3707 1387 3755 arachi
1410 3707 1451 3754 YZ
1472 3711 1531 3767 (aon
1543 3707 1578 3766 X)
1684 3706 1745 3753 rami
1768 3704 1798 3764 0,
1818 3705 1893 3753 nuni
1908 3706 1941 3764 Β,

314 3794 395 3840 rsnnil
415 3793 509 3839 Am
647 3796 662 3843 3
681 3795 775 3856 quibus
794 3830 801 3844 .
817 3831 847 3844 ..
868 3794 883 3842 1
901 3797 1003 3843 inuenit
1020 3809 1100 3842 errore
1117 3809 1168 3843 non
1186 3793 1350 3849 litandorum,
1372 3792 1414 3841 sed
1430 3794 1595 3854 epitomatoria
1613 3793 1665 3839 teee
1682 3803 1727 3840 aare
1743 3796 1809 3840 mere
1826 3791 1950 3841 videam

313 3892 377 3940 esee,
398 3882 441 3940 qui
458 3881 527 3929 loces
544 3881 593 3943 ibit
610 3887 665 3942 post
680 3898 707 3943 p.
728 3881 768 3939 59,
793 3880 823 3929 15
841 3882 1009 3942 expulerunt:
1029 3880 1065 3940 cs.
1085 3879 1192 3929 indicem
1210 3895 1230 3927 a.
1251 3898 1275 3928 e.
1297 3879 1410 3927 Roduuli
1547 3891 1596 3926 non
1614 3883 1675 3925 ante
1692 3874 1796 3944 multos]
1813 3890 1864 3925 non
1883 3883 1944 3927 ante

312 3977 399 4013 omnes
421 3966 472 4026 ised
491 3970 539 4016 ina.
561 3968 591 4027 Β)
611 3973 670 4015 ante
689 3969 782 4016 multos
804 3967 848 4014 OB
986 3967 1070 4014 rodult
1086 3966 1188 4025 ΑΟΒΧ,
1209 3966 1285 4013 rotoli
1301 3965 1331 4026 L,
1352 3965 1427 4012 rodni
1448 3964 1497 4027 l'Z,
1518 3963 1660 4013 redunlsl’
1789 3959 1865 4029 ad]a
1889 3962 1911 4010 V

312 4051 449 4100 theoderici
469 4051 491 4099 0
595 4053 610 4101 4
629 4053 758 4114 gothorum
776 4067 826 4103 em.
846 4054 868 4102 L
971 4049 1077 4119 gremio]
1095 4052 1178 4113 HPV,
1203 4051 1327 4109 gremium
1347 4049 1467 4098 AOBXY
1567 4049 1668 4098 haeeL
1771 4045 1944 4115 hgermanla]

313 4138 422 4185 romanis
445 4138 497 4195 OB,
518 4141 626 4188 ronrauls
644 4141 768 4199 geroianis
785 4139 869 4200 vinu,
890 4141 1003 4187 inuranes
1022 4138 1044 4186 L
1164 4134 1246 4202 corp]
1264 4142 1291 4185 et
1308 4151 1374 4197 corp.
1395 4138 1417 4182 Α
1540 4137 1686 4197 pugnabant
1702 4135 1804 4183 helulrm
1820 4129 1944 4200 canitia]

312 4238 397 4286 pugna
421 4226 514 4273 seultla
541 4226 574 4283 O,
603 4227 688 4274 infesti
713 4239 811 4286 pugnae
835 4226 941 4273 saeuitia
958 4224 994 4283 Β,
1024 4224 1068 4271 alil
1091 4224 1200 4272 infestae
1224 4223 1319 4270 seulcia
1340 4235 1438 4283 pugnae
1460 4223 1605 4285 pugnabant
1627 4222 1730 4269 beluina
1752 4219 1845 4268 reuitia
1866 4219 1942 4269 vini.

314 4307 465 4375 bscaudza]
485 4311 542 4369 rit,
564 4325 653 4359 scanza
667 4312 767 4371 PVAO,
789 4312 887 4361 scanzia
900 4311 930 4369 Β,
951 4310 1103 4358 scandunt
1203 4309 1276 4356 uelut
1293 4308 1377 4355 om.L
1481 4303 1584 4374 uagina]
1601 4305 1696 4367 111310
1799 4304 1813 4353 1
1833 4305 1895 4366 berg
1909 4306 1942 4365 0,

313 4395 396 4443 berich
418 4395 484 4445 l'rec.
600 4399 664 4458 gutti
685 4399 714 4458 A,
736 4397 803 4446 cethi
825 4398 847 4444 0
958 4397 1059 4444 rendam
1082 4395 1104 4441 0
1225 4390 1387 4460 Basienisa]
1405 4393 1504 4440 HPVO
1517 4394 1593 4452 lirae,
1614 4394 1747 4452 exigentes
1767 4391 1797 4454 L,
1816 4398 1943 4440 exeuntes

313 4481 408 4529 ΑΒΧΥ
556 4497 645 4530 rromen
664 4480 723 4550 leci]
742 4495 831 4531 nomen
849 4483 895 4530 loei
914 4496 1004 4530 nemen
1026 4481 1056 4542 0,
1078 4494 1168 4529 nomen
1187 4481 1238 4528 loce
1257 4479 1372 4526 ΑΒΧΥΖ
1384 4480 1451 4528 lirae.
1602 4474 1722 4544 edleque]
1739 4476 1796 4538 ΗΡ,
1815 4476 1943 4539 hodieque

318 4568 416 4628 VAXY,
435 4569 508 4616 hodie
524 4569 578 4628 ΟΒ,
598 4569 739 4630 ideoqueL
843 4568 1062 4617 9lilicutiertur
1076 4567 1162 4616 omri
1268 4565 1428 4626 gothiscanza
1443 4565 1473 4626 0,
1494 4565 1658 4623 gothiscantia
1672 4564 1703 4627 Β,
1723 4562 1908 4622 gothiaanasL
1933 4564 1937 4571 '

313 4660 433 4703 uocantur
453 4656 483 4714 L,
503 4656 596 4704 dicitur
614 4656 636 4702 A
749 4668 927 4714 umerugorum
945 4655 968 4702 Β
1085 4651 1117 4701 10
1135 4652 1290 4700 insidiabant
1308 4651 1332 4698 P
1443 4656 1524 4699 rutra
1543 4655 1666 4699 metantes
1683 4661 1762 4711 eoque
1779 4648 1857 4710 prelio
1874 4660 1947 4723 een-¹

313 4742 427 4789 miseoL
569 4739 595 4789 il
617 4742 755 4790 uuandales
773 4727 895 4801 Lollii,
923 4740 1062 4788 uuandeles
1083 4737 1134 4799 0⁰,
1163 4738 1300 4786 uuandoles
1318 4737 1355 4796 Β,
1384 4736 1544 4784 nannalcsA
1683 4736 1853 4795 subiugabant
1869 4732 1909 4781 Χ·

312 4828 451 4889 aplleauere
465 4830 526 4876 uici.
541 4824 596 4893 ubi]
615 4827 696 4889 HPV,
717 4828 861 4889 applicuere
874 4829 936 4875 niet.
951 4827 994 4874 uhi
1008 4825 1086 4886 Axi,
1107 4825 1267 4887 appellauere
1285 4823 1398 4872 uictoriis
1415 4823 1452 4870 ibi
1466 4822 1498 4881 Β,
1518 4821 1677 4883 appellauere
1694 4820 1808 4869 uleterils
1824 4818 1944 4880 triilihus

315 4915 345 4974 0,
366 4914 478 4962 uictoriis
496 4915 654 4976 appiirauere
671 4915 714 4961 ubi
734 4913 756 4960 L
871 4912 899 4961 it
919 4909 989 4978 utero]
1007 4926 1068 4959 uere
1089 4912 1110 4958 0
1214 4911 1419 4958 numerositatem
1438 4906 1471 4955 Α1
1576 4913 1603 4956 et
1619 4907 1705 4955 ormd
1821 4903 1852 4954 13
1871 4907 1944 4968 perlg

278 5017 284 5033 ¹·
316 5000 345 5058 P,
366 5002 426 5061 berg
447 5001 477 5058 (1,
498 5000 584 5058 herigh
606 5001 673 5049 Frer.
805 5001 941 5048 tilemerL
1071 4998 1122 5045 illie
1139 4992 1274 5062 gadarigis]
1292 4996 1366 5042 11Ρ11
1378 4995 1457 5053 thee,
1478 4996 1497 5043 1.
1517 4993 1645 5053 gadaregis
1664 4992 1695 5053 L,
1714 4991 1890 5052 llegudaregis
1910 4991 1940 5054 0,

312 5088 404 5147 filogud
422 5088 498 5147 arigis
519 5086 548 5145 Β,
579 5088 629 5133 illie
647 5086 777 5144 gadaricus
797 5086 850 5142 XZ,
881 5086 932 5133 illio
950 5086 1061 5145 gaderico
1083 5084 1110 5141 Υ,
1140 5084 1192 5130 illio
1209 5082 1329 5140 radarlgis
1348 5081 1386 5127 A:
1413 5078 1449 5139 es.
1469 5093 1492 5125 e.
1512 5082 1553 5141 94,
1576 5081 1622 5126 191
1762 5076 1898 5126 munitum
1920 5079 1943 5125 A

314 5172 344 5220 ti
362 5181 531 5235 promouerter
552 5176 572 5216 11
695 5175 833 5221 exereitum
855 5173 875 5218 A
999 5184 1082 5230 congr.
1102 5168 1161 5216 dum
1179 5183 1223 5230 qu.
1243 5168 1274 5216 ad
1292 5181 1327 5215 ae.
1347 5181 1419 5228 pere.
1440 5166 1463 5212 Α
1603 5162 1635 5212 ib
1653 5177 1725 5212 ecum
1745 5163 1775 5224 A,
1797 5161 1867 5211 euim
1885 5162 1909 5209 Β

311 5259 437 5307 delectans
458 5260 488 5317 0,
509 5260 631 5308 delectato
651 5259 680 5317 Β,
701 5259 751 5308 del.
772 5265 811 5306 est
830 5260 850 5305 A
959 5256 990 5306 16
1007 5261 1034 5304 et
1051 5250 1188 5320 exercitus]
1206 5255 1333 5302 exereitus
1352 5253 1384 5313 Α,
1403 5252 1515 5299 exercitu
1533 5255 1561 5298 et
1579 5250 1610 5310 B,
1628 5249 1673 5299 sed
1690 5249 1817 5297 sancitus
1836 5247 1906 5297 Ursa:

313 5344 472 5412 mediaetate]
491 5347 547 5407 HV,
569 5347 705 5394 medietate
723 5347 768 5394 ret.
895 5343 924 5393 11
943 5345 1107 5392 transissent
1127 5342 1179 5397 OB,
1199 5343 1334 5401 tragecerat
1353 5341 1374 5385 Α
1496 5337 1699 5397 inseparabiliter
1715 5335 1747 5394 Β,
1767 5332 1945 5383 miserabiliter

312 5430 360 5478 ΧΥ
462 5433 614 5492 cuiquamri
721 5432 757 5478 ire
774 5445 823 5479 om.
842 5431 862 5477 V
967 5428 997 5479 te
1016 5428 1055 5476 his
1072 5428 1114 5475 VL
1221 5426 1251 5474 19
1270 5425 1350 5473 reddit
1365 5424 1434 5471 XYZ
1537 5423 1686 5484 imperasse
1702 5418 1742 5467 γ’
1844 5417 1879 5469 20
1896 5420 1945 5469 de·

308 5516 474 5580 prehenditur
493 5518 515 5563 ri
631 5513 831 5581 attestationem]
849 5515 931 5574 HPV,
952 5515 1141 5563 artestationem
1162 5514 1192 5575 L,
1213 5512 1374 5560 attestatione
1393 5509 1470 5573 BKl',
1491 5508 1643 5558 attestationi
1663 5508 1686 5559 A
1806 5504 1837 5559 ti
1859 5520 1942 5558 aern.

310 5604 378 5654 ,urz
481 5606 582 5665 longum
602 5604 637 5653 ,rr
741 5617 807 5666 spu·
828 5601 871 5661 vr,
894 5607 955 5665 aput
972 5589 1029 5652 vlt
