4246 6082
312 303 352 362 72
1034 298 1213 353 lORDANlS

261 488 293 552 X
316 508 372 552 rex
387 488 567 567 Persarum,
592 488 765 572 Hystaspis
787 486 884 569 iilius,
910 488 1035 571 Antyri,
1062 488 1148 572 regis
1164 489 1349 570 Gothorum,
1375 488 1473 553 tiliam
1489 488 1522 552 in
1538 489 1736 553 matrimonio
1751 489 1942 572 postulavit,

311 611 428 673 rogans
458 591 576 674 pariter
605 597 702 672 atque
731 590 913 671 deterrens,
945 589 1008 655 nisi
1038 610 1131 655 suam
1161 597 1353 674 peragerent
1378 592 1584 655 voluntatem.
1634 591 1723 656 cuius
1746 591 1941 657 affinitatem

310 692 408 757 Gothi
431 700 618 776 spernentes
631 745 645 774 ,,
672 693 867 775 legationem
898 692 968 756 eius
999 692 1202 758 frustrarunt.
1248 693 1302 775 qui
1325 694 1473 776 repulsus
1496 693 1605 758 dolore
1628 692 1810 759 flammatus
1832 702 1882 758 est
1907 700 1943 759 et

311 812 376 858 occ
399 795 489 859 milia
511 803 705 859 armatorum
728 801 838 859 contra
859 795 950 879 ipsos
973 795 1124 878 produxit
1146 795 1331 875 exercitum,
1358 795 1584 860 verecundiam
1601 816 1691 860 suam
1707 797 1792 860 malo
1807 796 1941 880 publico

311 896 475 961 vindicare
499 898 714 975 contendens,
748 897 948 980 navibusque
977 916 1060 981 pene
1091 897 1339 963 achalcedona
1368 916 1468 979 usque
1498 898 1541 962 ad
1563 898 1745 963 Bizantium
1774 899 1806 963 in
1832 899 1981 963 instare

311 1000 451 1082 pontium
483 1001 636 1066 tabulatis
666 1008 761 1083 atque
791 1001 946 1065 consertis
977 999 1148 1065 Thraciam
1176 1000 1257 1084 petit
1285 1007 1317 1066 et
1338 1001 1509 1078 Moesiam3
1544 1008 1736 1085 pontemque
1765 1021 1873 1066 rursus
1904 1002 1941 1064 in

312 1102 459 1166 Danubio
482 1103 553 1186 pari
576 1101 669 1167 modo
692 1109 905 1168 constructum
929 1102 1054 1168 duobus
1076 1102 1241 1169 mensibus
1264 1103 1383 1167 crebris
1406 1103 1560 1184 fatigatus
1582 1104 1617 1168 in
1639 1104 1739 1187 'lapis
1762 1123 1824 1168 vnr
1847 1104 1941 1169 milia

311 1203 452 1288 perdidit
474 1213 679 1286 armatorum,
704 1206 903 1287 timensque,
930 1226 971 1271 ne
994 1224 1074 1290 pons
1096 1205 1237 1270 Danubii
1260 1206 1302 1270 ab
1325 1205 1395 1270 eius
1418 1204 1615 1270 adversariis
1638 1213 1856 1290 occuparetur,
1883 1226 1941 1270 ce·

311 1306 371 1371 leri
393 1306 472 1388 iuga
494 1307 529 1370 in
551 1307 691 1371 Thracia
713 1308 936 1393 repedavit¹),
967 1328 1027 1373 nec
1048 1307 1175 1392 Mysiae
1205 1309 1308 1372 solum
1332 1307 1393 1372 sihi
1416 1307 1550 1372 credens
1572 1316 1675 1374 tutum
1698 1309 1766 1373 iore
1787 1309 1941 1390 aliquan-

248 1414 288 1473 oi
311 1409 414 1473 tulum
444 1410 638 1474 remorandi.
683 1419 756 1494 post
785 1411 876 1475 cuius
904 1410 1073 1475 decessum
1101 1411 1216 1475 itemm
1245 1411 1366 1475 Xerses
1395 1408 1481 1475 filius
1515 1410 1585 1476 eius
1618 1417 1769 1493 paternas
1801 1410 1940 1474 iniurias
1963 1428 1999 1469 ro

312 1511 423 1576 ulcisci
456 1533 491 1577 se
524 1512 717 1593 aestimans,
762 1534 833 1578 cum
871 1533 930 1578 sua
967 1514 1173 1598 septingenta
1205 1519 1238 1578 et
1269 1512 1476 1578 auxiliarium
1509 1532 1571 1579 ccc
1604 1513 1694 1578 milia
1727 1519 1935 1594 armatorum,

311 1623 463 1680 rostratas
486 1636 586 1680 naves
609 1616 698 1680 mille
721 1616 893 1699 ducentas,
928 1617 1091 1682 onerarias
1113 1616 1175 1682 tria
1196 1616 1287 1681 milia
1296 1618 1339 1699 ²),
1374 1636 1470 1701 super
1492 1614 1614 1679 Gothos
1643 1614 1686 1678 ad
1714 1615 1836 1680 bellum
1861 1635 1939 1698 pro-

311 1717 414 1782 iectus
435 1739 495 1783 nec
518 1725 675 1803 temptare
697 1719 731 1783 in
753 1719 900 1784 conflictu
922 1719 1113 1804 praevaluit,
1140 1739 1249 1784 eorum
1271 1718 1474 1784 animositate
1497 1725 1530 1783 et
1551 1718 1730 1782 constantia
1752 1726 1936 1801 superatus.

250 1824 291 1883 65
314 1821 361 1885 sic
384 1841 521 1903 namque
544 1830 579 1885 ut
600 1830 748 1903 venerat,
781 1824 903 1904 absque
933 1821 1041 1904 aliquo
1070 1821 1242 1886 certamine
1270 1840 1327 1885 suo
1350 1841 1421 1885 cum
1444 1822 1555 1886 robore
1577 1820 1721 1884 recessit.
1767 1820 1939 1904 Philippus

219 1965 227 1989 .
310 1942 446 2004 quoque,
475 1930 566 2006 pater
580 1924 757 1988 Alexandri
774 1925 893 2007 Magni,
920 1945 992 1989 cum
1008 1924 1122 1988 Gothis
1144 1923 1303 1988 amicitias
1326 1925 1479 2007 copulans
1502 1921 1671 2006 Medopam
1687 1922 1826 1986 Gudilae
1849 1922 1938 2005 regis
1963 1942 1998 1981 ιε)

310 2023 409 2088 filiam
439 2026 563 2109 accepit
592 2046 740 2098 uxorem,
773 2035 809 2093 ut
836 2027 895 2092 tali
924 2025 1081 2093 affinitate
1110 2027 1276 2092 roboratus
1307 2025 1513 2092 Macedonum
1544 2045 1644 2107 regna
1673 2023 1823 2089 firmaret.
1870 2044 1939 2106 qua

310 2134 502 2211 tempestate
524 2128 586 2193 Dio
610 2130 726 2195 etorico
748 2130 875 2196 dicente
897 2130 1065 2215 Philippus
1087 2130 1197 2215 inopia
1218 2128 1374 2214 pecuniae
1396 2148 1522 2213 passus,
1549 2127 1780 2211 Odyssitanam
1794 2127 1939 2193 Moesiae

311 2355 722 2362 ——--——-

398 2506 764 2568 perueneram.

401 2661 409 2708 1
432 2662 539 2723 isdaspls
558 2664 587 2722 A,
613 2662 731 2723 hydaspis
756 2663 774 2707 Υ
876 2659 969 2728 antyri]
987 2663 1105 2710 ΗΡΥΒΧ
1121 2667 1145 2709 st
1166 2661 1266 2709 Orosius
1288 2663 1351 2722 (vids
1369 2661 1460 2722 infru),
1479 2661 1578 2721 antbyri
1599 2661 1628 2720 Z,
1649 2664 1726 2709 antiri
1744 2665 1775 2715 A.
1796 2662 1889 2710 anthiri
1914 2663 1936 2724 Υ,

312 2748 434 2805 atriregiri
456 2747 485 2807 0,
507 2749 649 2809 antriregiri
668 2749 690 2794 Β
805 2749 992 2796 matrimonium
1012 2748 1082 2796 AOB
1197 2749 1371 2809 expostulauit
1392 2747 1437 2795 OB
1558 2746 1573 2794 2
1592 2743 1732 2813 deterrens]
1750 2747 1873 2809 AOBXl',
1894 2750 1938 2795 de·

311 2847 416 2881 cernens
435 2833 529 2881 IiPi'L
664 2841 794 2895 perageret
812 2834 834 2881 Β
972 2833 987 2883 3
1007 2835 1147 2882 irustarnnt
1166 2832 1202 2881 0·
1339 2830 1433 2899 dolore]
1451 2835 1534 2882 furore
1555 2833 1600 2881 OB
1726 2835 1896 2881 inflammatus
1915 2837 1939 2881 A

312 2915 407 2985 inco]
424 2922 546 2979 octoginta
567 2920 610 2967 OB
713 2921 811 2969 milium
831 2922 854 2968 X
956 2922 1082 2968 exercitus
1101 2920 1124 2967 A
1240 2920 1339 2981 puplico
1360 2919 1381 2967 0
1496 2919 1512 2967 5
1531 2932 1595 2980 pene
1613 2932 1662 2969 orn.
1683 2921 1705 2966 A
1809 2919 1939 2968 achaloe·

310 3006 375 3054 dono
395 3005 425 3068 Ρ,
445 3022 459 3053 a
477 3007 617 3053 calcedonia
635 3006 666 3067 Β,
686 3019 700 3052 a
718 3005 849 3053 adcedens
868 3008 898 3067 A,
920 3006 949 3053 ad
968 3006 1130 3054 calcidoniam
1152 3003 1174 3050 0
1305 3001 1457 3070 bizantium]
1474 3003 1621 3064 chxer,
1641 3004 1783 3052 bisanzium
1801 3006 1830 3066 P,
1851 3006 1938 3053 bizan-

311 3091 379 3139 cium
398 3091 478 3153 AOB,
498 3092 635 3138 bizantiam
653 3089 687 3137 Al
790 3093 818 3139 in
831 3087 924 3156 instar]
942 3090 1045 3152 HPVO,
1067 3092 1147 3137 instar
1164 3089 1305 3137 ΒΑΒΥΥΖ
1408 3090 1533 3176 Stabulis
1552 3092 1574 3137 A
1679 3086 1765 3155 atque]
1784 3104 1863 3152 aeque
1880 3091 1903 3137 Β

313 3177 412 3223 misiam
434 3175 455 3221 Ο
559 3181 686 3237 ponteque
703 3177 726 3223 Β
829 3175 843 3223 7
863 3181 1003 3224 constructo
1022 3176 1068 3222 AB
1171 3177 1300 3223 mansibus
1317 3189 1366 3224 orn.
1381 3174 1414 3222 A¹
1519 3176 1616 3234 fatigati
1637 3174 1658 3222 O
1762 3176 1788 3222 iu
1807 3170 1884 3240 tapls]
1905 3174 1936 3235 0,

312 3262 338 3307 in
357 3261 440 3320 taphis
458 3261 606 3322 HPVLAB,
626 3263 654 3308 in
673 3262 770 3322 scaphis
789 3262 858 3308 Xl'Z
961 3256 1111 3326 v111]hocto
1133 3259 1162 3322 Ο,
1183 3262 1222 3308 uii
1243 3261 1264 3307 A
1369 3259 1520 3322 Sperdedit
1538 3246 1609 3318 1³⁶0,
1631 3261 1714 3320 perdit
1731 3260 1754 3306 Β
1858 3275 1937 3308 arma-

312 3352 389 3393 torem
410 3344 457 3408 1³¹²,
476 3353 614 3394 amatorum
634 3345 655 3392 0
759 3360 792 3394 ne
810 3343 885 3412 pons]
903 3361 979 3408 nepos
1000 3345 1036 3395 0⁴¹
1138 3347 1248 3396 danubio
1268 3345 1289 3393 0
1393 3347 1448 3395 eius
1466 3360 1515 3395 om.
1530 3346 1576 3393 ΒΑ
1698 3342 1837 3412 iithracia]
1854 3345 1935 3408 HPV,

312 3430 406 3478 trachia
424 3431 454 3492 L,
475 3432 550 3479 tracia
570 3430 600 3492 0,
621 3431 761 3491 tihjraclam
781 3432 874 3478 ΑΒΥΥ
976 3433 1102 3494 repetauit
1121 3431 1162 3477 ΡΥ
1279 3427 1385 3497 mysiae]
1403 3430 1459 3493 ΗΡ,
1480 3433 1569 3480 misiae
1587 3430 1663 3493 ΒΟΥ,
1685 3434 1777 3480 mesiae
1796 3433 1852 3494 AV,
1872 3445 1939 3479 moe-

312 3517 364 3564 stae
382 3516 412 3578 Β,
434 3518 542 3565 maestae
560 3519 584 3564 Χ
704 3518 753 3565 sibi
771 3513 820 3582 rr.]
838 3530 870 3564 en
892 3520 940 3579 (est
959 3516 1005 3580 0⁰)
1025 3519 1074 3566 sibi
1096 3517 1125 3580 0,
1147 3531 1181 3566 cr.
1203 3519 1252 3565 sibi
1271 3517 1294 3563 Β
1413 3519 1467 3566 iore
1484 3531 1533 3566 σπι.
1549 3516 1584 3565 Β“
1705 3518 1862 3578 aliquantum
1881 3519 1903 3564 A

315 3602 345 3650 10
364 3601 502 3649 discessum
523 3601 544 3649 0
676 3615 762 3649 xerses
780 3597 814 3667 Β]
831 3602 955 3664 ΗΒΑΒΥ,
977 3616 1069 3650 xerxes
1087 3602 1106 3652 i.
1128 3603 1205 3660 PVX,
1225 3604 1368 3650 uexillum
1390 3602 1411 3650 0
1552 3602 1579 3651 11
1601 3604 1689 3651 ulcisci
1708 3600 1747 3669 se]
1766 3604 1885 3651 ulciscere
1904 3603 1934 3660 L,

313 3688 405 3735 ulcisce
426 3687 457 3750 0,
477 3688 563 3735 ulcisci
580 3687 604 3735 Β
737 3702 796 3736 suas
814 3689 970 3749 septinginta
990 3688 1020 3747 0,
1041 3690 1096 3735 suis
1115 3689 1285 3749 septingentis
1304 3688 1407 3746 ΒΧΥΖ,
1427 3701 1528 3736 suorum
1546 3688 1590 3735 dcc
1607 3690 1629 3735 A
1765 3684 1939 3754 auxiliarium]

311 3758 404 3831 ΗΥΒὸ,
425 3774 574 3820 auxiliarum
587 3772 616 3834 P,
637 3773 770 3821 auxiliaria
782 3772 826 3834 11⁰,
847 3774 990 3821 auxiliariis
1007 3773 1086 3832 ΧΥΖ,
1107 3773 1278 3822 ausiliatorum
1297 3775 1327 3830 A,
1348 3775 1498 3821 auxiliorum
1517 3773 1547 3835 Β,
1568 3775 1691 3822 auxilium
1711 3774 1733 3821 O
1836 3774 1940 3823 milibus

312 3859 430 3906 ABXYZ
532 3866 682 3907 armatorum
700 3872 747 3908 orn.
763 3858 833 3906 ΧΥΖ
939 3858 970 3907 tt
988 3863 1105 3907 rostratas
1126 3859 1255 3917 (restratus
1271 3858 1301 3919 0)
1322 3855 1413 3924 nanas]
1429 3872 1449 3907 r.
1471 3873 1549 3906 naues
1567 3859 1663 3907 habens
1681 3858 1713 3919 Β,
1733 3861 1845 3908 rostratis
1864 3860 1938 3907 naui·

311 3947 359 3993 bus
378 3946 471 3993 ΑΥΥΖ
611 3941 692 4011 mille]
708 3945 768 3992 mlle
786 3945 856 3993 mille
877 3944 927 4008 (aio)
949 3946 971 3991 A
1102 3940 1236 4009 discentes]
1253 3943 1371 3992 ducentis
1390 3945 1466 4003 A'i'Z,
1487 3945 1624 3993 duocentas
1644 3944 1696 4005 ΡΒ,
1716 3960 1743 3993 ce
1762 3947 1793 4003 A,
1814 3951 1839 3992 et
1859 3944 1903 3992 ΟΒ

310 4033 432 4079 onerarias
455 4032 601 4093 (honorarius
623 4030 667 4093 0⁶,
688 4032 829 4079 honerarias
849 4017 891 4093 0⁶,
912 4027 1243 4096 oneriasB‘1triamiiia]
1270 4031 1378 4078 oneratis
1396 4031 1477 4077 tribus
1495 4031 1597 4079 milibus
1615 4032 1693 4092 ΧΥΖ,
1722 4033 1889 4080 onerariarum
1903 4015 1938 4081 i-ii

311 4119 333 4164 A
454 4118 529 4178 gotho
547 4120 570 4165 A
691 4117 755 4177 proi.
775 4117 805 4165 ad
826 4117 884 4165 bell.
909 4115 1010 4176 ΟΒΧΥ,
1036 4117 1099 4178 proi.
1120 4117 1143 4163 A
1284 4114 1314 4164 te
1333 4116 1475 4163 conflictum
1496 4116 1517 4163 0
1637 4114 1763 4183 praeusi]
1782 4118 1903 4166 ualuitL

311 4216 395 4250 eorum
414 4218 462 4251 om.
482 4203 527 4250 OB
642 4208 669 4250 et
686 4198 836 4268 consuntia]
855 4203 994 4250 constantia
1015 4201 1046 4263 0,
1066 4203 1220 4250 constantiae
1238 4203 1261 4249 Β
1378 4201 1409 4249 ll
1428 4204 1527 4250 uenerit
1547 4201 1568 4248 0
1671 4203 1765 4264 absque
1782 4200 1877 4269 aliquo]
1894 4205 1939 4252 ab·

311 4289 382 4336 sidus
401 4291 464 4336 alico
485 4288 506 4335 0
610 4302 666 4336 curn
685 4301 730 4336 suo
749 4287 799 4335 ΧΥ
899 4283 995 4353 robore]
1015 4286 1227 4347 HPVLOB‘XY,
1248 4289 1337 4335 rubore
1356 4273 1414 4333 B⁶A
1519 4286 1550 4335 15
1568 4289 1706 4336 amicitiam
1725 4289 1748 4335 A
1850 4290 1937 4337 medo-

311 4369 379 4438 pam]
397 4372 543 4432 cirron,
564 4373 692 4421 merorum
711 4373 819 4421 nris:
839 4367 919 4439 litua
937 4371 1041 4435 sayna
1058 4372 1125 4433 apua
1145 4372 1299 4422 ammam
1318 4373 1360 4434 ra,
1379 4376 1395 4421 o
1412 4387 1439 4433 ρ.
1455 4358 1520 4420 rer‘l
1657 4370 1768 4439 guone]
1786 4372 1936 4436 nevira,

310 4458 397 4519 gudila
416 4459 446 4520 L,
473 4459 553 4519 gadile
572 4461 604 4518 A,
630 4460 723 4519 gothlle
744 4458 804 4506 OB:
826 4452 952 4525 Κοθήλας
971 4453 985 4507 ὁ
1002 4463 1054 4507 τῶν
1073 4453 1180 4525 Θρᾳκῶν
1199 4454 1316 4525 βασιλεὺς
1334 4457 1438 4519 Satyrus
1456 4459 1473 4507 l.
1493 4472 1516 4506 s.
1547 4455 1582 4517 es.
1604 4459 1656 4507 lue.
1677 4461 1771 4506 Grirnm
1788 4462 1815 4507 tn
1831 4460 1938 4520 Hsnptia'

312 4544 452 4604 zeitschrift
472 4547 495 4606 7,
516 4546 566 4595 395
690 4546 728 4595 ill.
748 4559 798 4604 reg.
823 4543 867 4591 OB
981 4542 1012 4592 17
1031 4543 1163 4592 diostorico
1181 4543 1285 4605 ΗΡΥΒ,
1306 4543 1347 4592 dio
1365 4543 1569 4605 hi(csly)storico
1589 4543 1729 4592 ΔΟΒΧΥΖ
1817 4542 1937 4612 inopia]

311 4630 416 4693 HPVO,
436 4632 545 4692 inopiam
564 4632 667 4694 ABXY,
686 4633 728 4679 ino
745 4631 854 4691 inopiam
874 4629 896 4677 Β
1033 4626 1215 4696 odyssitanam]
1233 4628 1291 4692 ΗΡ,
1310 4630 1473 4678 odissitanam
1496 4629 1547 4691 ΥΧ,
1568 4630 1717 4679 odisitanam
1736 4630 1767 4693 Β,
1786 4630 1938 4679 udisitanam

314 4719 367 4778 OB,
388 4718 530 4766 odissatana
548 4718 579 4778 A,
600 4718 745 4766 dissitanarn
767 4716 794 4775 Υ,
814 4716 958 4765 dissitanim
977 4717 999 4763 Z
1102 4716 1195 4763 mesiae
1215 4714 1263 4762 AO

400 4975 424 5034 1)
447 4975 547 5024 Orosius
565 4977 589 5038 2,
611 4977 643 5023 8:
671 4975 763 5023 Darius
782 5009 789 5024 .
805 5008 835 5024 ..
855 4974 950 5032 Antyro
969 4974 1021 5032 regi
1041 4971 1188 5032 Scytharum
1207 4973 1252 5020 hac
1270 4972 1308 5019 rel
1328 4973 1437 5021 maxime
1454 4985 1528 5020 causa
1546 4973 1639 5020 bellum
1656 4975 1758 5037 intulit,
1787 4974 1854 5037 quod
1871 4974 1940 5023 tiliae

310 5062 367 5108 eius
390 5063 483 5121 petitas
508 5062 557 5109 sibi
583 5061 686 5121 nuptias
711 5073 760 5108 non
785 5060 1014 5108 obtinuisset...
1035 5072 1091 5106 cum
1116 5059 1283 5119 septingentis
1302 5058 1405 5105 milibus
1423 5063 1572 5106 armatorum
1591 5057 1717 5117 Scythiam
1735 5060 1937 5119 ingressus

310 5151 433 5199 metuens.
456 5160 487 5193 ne
506 5148 555 5195 sibi
574 5147 673 5194 reditus
690 5147 830 5208 interrupto
848 5151 924 5207 ponte
943 5145 1022 5193 Histri
1040 5147 1154 5193 numinis
1173 5151 1315 5205 negaretur,
1337 5145 1438 5193 amissis
1456 5156 1528 5191 xxxx
1546 5143 1651 5191 milibus
1667 5144 1812 5193 bellatorum
1823 5145 1939 5208 trepidus

310 5232 414 5291 refugit.
451 5238 564 5293 coneptu
582 5233 664 5294 sorano
681 5234 793 5291 Astyres
811 5231 916 5281 ostendit
933 5246 962 5280 es
980 5233 1023 5279 boe
1041 5233 1093 5279 loeo
1112 5231 1245 5280 Iordanem
1260 5229 1374 5290 pandere,
1394 5243 1446 5278 non
1462 5243 1492 5275 sa
1509 5229 1636 5276 simillimo
1654 5229 1746 5277 Matini
1761 5230 1785 5289 Υ,
1801 5232 1826 5293 b,
1839 5232 1937 5294 8-10,

309 5315 451 5364 arbiminin
469 5324 580 5378 senapis
598 5318 721 5376 lamtyrus
739 5318 858 5366 traditam
875 5323 919 5367 est.
955 5317 1025 5380 apud
1043 5317 1196 5365 Herodotum
1216 5316 1249 5377 (o.
1269 5314 1322 5363 ind.
1343 5323 1420 5374 nom.)
1441 5314 1530 5374 lapitas
1546 5307 1717 5381 Ἰδάνθυρσος.

397 5400 422 5462 2)
446 5402 546 5450 Orosius
565 5404 589 5464 9,
610 5404 644 5449 9.·
669 5403 767 5452 Xerxes
789 5403 886 5464 (scilieet
908 5403 1038 5452 Graeciam
1056 5402 1185 5464 invadens)
1207 5403 1367 5463 septingenta
1385 5400 1453 5448 milia
1471 5405 1621 5448 armatorum
1640 5401 1671 5450 ds
1689 5414 1767 5463 ragno
1783 5408 1811 5451 et
1826 5406 1939 5450 trecenta

310 5487 382 5535 milia
399 5486 431 5535 de
449 5489 567 5548 auxiliis,
592 5491 710 5536 rostratas
727 5490 803 5537 etlam
820 5502 898 5537 naves
917 5490 985 5537 mille
1004 5489 1133 5549 ducentas,
1155 5490 1280 5536 onerarias
1297 5493 1381 5536 autern
1399 5487 1449 5534 tria
1467 5488 1537 5535 milia
1556 5501 1659 5536 numero
1677 5487 1794 5536 babuisse
1811 5492 1935 5538 narratur.

309 5572 346 5634 es.
368 5574 482 5621 Iustinus
501 5575 526 5633 t),
547 5575 590 5633 10,
612 5574 721 5624 18-20.
