4246 6082
698 1483 781 1579 llll
815 1483 1018 1581 SVMMA
1050 1484 1308 1582 TEMPORV
1312 1486 1352 1582 M

263 1728 382 1838 VllL
417 1727 673 1839 ORlGlNll
709 1729 1096 1846 lo'lissvsovu
1133 1730 1253 1840 GllN
1258 1732 1357 1841 TIS
1395 1733 1803 1846 RllMANthVll.

304 2211 500 2295 Vigilantiac
523 2217 668 2293 vestrae,
694 2209 894 2275 nobilissime
918 2209 1015 2275 frater
1037 2210 1153 2293 Vigili,
1188 2210 1310 2292 gratias
1332 2212 1452 2294 refero,
1486 2213 1572 2297 qnod
1594 2235 1645 2280 me
1668 2215 1764 2299 longo
1786 2236 1844 2301 per
1864 2219 1879 2278 1

218 2331 359 2416 tempore
387 2331 596 2398 dormientem
625 2330 740 2397 vestris
769 2329 898 2395 tandem
929 2330 1229 2413 interrogationibus
1259 2331 1436 2397 excitastis.
1483 2332 1543 2398 deo
1571 2354 1686 2416 magno
1703 2336 1840 2419 gratias,

218 2450 272 2534 qui
302 2470 358 2516 vos
387 2452 432 2517 ita
455 2452 532 2518 fecit
554 2453 723 2533 sollicitos,
757 2457 792 2516 ut
820 2471 882 2516 non
912 2451 1015 2516 solum
1046 2451 1137 2516 vobis
1166 2459 1308 2534 tantum,
1341 2459 1494 2536 quantum
1525 2459 1557 2518 et
1585 2454 1659 2520 aliis
1688 2455 1839 2539 vigiletis.
1864 2478 1877 2517 s

217 2577 340 2636 mactae
363 2572 488 2638 virtutis
511 2577 543 2637 et
565 2572 682 2637 meriti.
729 2572 779 2635 vis
801 2571 886 2636 enim
908 2571 1087 2655 praesentis
1110 2572 1219 2636 mundi
1243 2592 1394 2637 erumnas
1416 2593 1611 2656 cognoscere
1634 2582 1690 2641 aut
1716 2576 1843 2658 quando
1862 2578 1882 2638 2

217 2691 322 2774 coepit
343 2691 396 2756 vel
417 2690 495 2774 quid
517 2691 560 2756 ad
582 2710 640 2755 nos
664 2710 763 2772 usque
786 2710 957 2775 perpessus
980 2697 1046 2772 est,
1080 2691 1218 2756 edoceri.
1264 2691 1368 2757 addes
1390 2700 1574 2776 praeterea,
1606 2700 1641 2758 ut
1661 2694 1737 2774 tibi,
1763 2715 1843 2777 quo-

217 2811 310 2877 modo
325 2813 471 2876 Romana
492 2830 544 2877 res
567 2811 696 2895 publica
719 2811 822 2894 coepit
844 2818 877 2875 ct
897 2812 999 2876 tenuit
1021 2818 1184 2896 totumque
1207 2832 1289 2896 pene
1312 2812 1466 2877 muudum
1488 2814 1618 2896 subegit
1640 2822 1673 2881 et
1686 2813 1842 2880 hactenus

217 2932 267 2996 vel
287 2932 497 3015 imaginariae
519 2939 638 3011 teneat,
664 2952 705 2995 ex
728 2930 821 2995 dictis
844 2931 998 2995 maiorum
1021 2930 1154 2997 floscula
1176 2952 1311 3018 carpens
1333 2933 1474 2998 breviter
1495 2933 1648 2999 referam:
1676 2936 1727 3000 vel
1743 2935 1839 3000 etiam

216 3051 372 3134 quomodo
401 3073 513 3135 regum
540 3054 640 3117 series
662 3073 682 3116 a
704 3052 839 3116 Romulo
863 3058 895 3117 et
916 3050 1068 3137 deinceps
1091 3054 1132 3117 ab
1155 3053 1301 3136 Augusto
1325 3053 1500 3118 Octaviano
1522 3054 1556 3118 in
1579 3055 1759 3137 Augustum
1783 3074 1890 3122 vc-10

106 3174 109 3179 ’
215 3171 298 3237 nerit
319 3172 549 3254 lastinianum,
584 3172 730 3254 quamvis
759 3171 961 3256 simpliciter,
994 3193 1066 3236 meo
1095 3180 1203 3237 tamen
1232 3173 1290 3237 tibi
1320 3172 1446 3255 eloquio
1474 3173 1627 3257 pandam.
1675 3174 1752 3240 licet
1782 3176 1878 3240 nec3

216 3292 451 3358 conversationi
472 3312 564 3358 meae
587 3292 672 3374 quod
694 3311 859 3357 ammones
881 3292 1051 3356 convenire
1073 3299 1179 3375 potest
1201 3313 1260 3357 nec
1282 3293 1427 3377 peritiae,
1453 3300 1572 3376 tamen,
1601 3313 1641 3359 ne
1665 3293 1761 3357 amici
1784 3314 1842 3378 pc·

214 3413 378 3478 titionibus
401 3414 577 3494 obviemus,
604 3433 730 3495 quoquo
753 3411 846 3477 modo
868 3412 1040 3494 valuimus,
1068 3414 1133 3478 late
1156 3433 1270 3497 sparsa
1292 3413 1491 3496 collegimus.
1532 3420 1565 3478 et
1586 3412 1675 3497 prius
1698 3413 1739 3477 ab
1762 3433 1840 3477 anc-

214 3532 340 3598 toritate
363 3532 544 3597 divinarum
567 3532 805 3616 scripturarum,
831 3533 883 3596 cui
906 3538 938 3597 et
960 3533 1114 3598 inservire
1137 3533 1297 3616 convenit,
1324 3533 1510 3598 inchoantes
1533 3540 1680 3629 et'usque
1696 3533 1739 3598 ad
1755 3533 1840 3598 orbis

213 3658 317 3716 terrae
340 3651 495 3717 diluvium
518 3672 577 3735 per
599 3652 792 3717 familiarum
809 3653 916 3736 capita
930 3658 1105 3730 currentes,
1132 3651 1320 3717 devenimus
1343 3653 1384 3716 ad
1402 3673 1536 3735 regnum
1552 3652 1640 3733 Nini,
1667 3654 1721 3735 qui
1736 3655 1838 3737 Assy·
1859 3671 1889 3711 1⁵

214 3770 330 3836 riorum
353 3770 387 3834 in
409 3777 505 3853 gente
527 3791 667 3855 regnans
690 3792 815 3837 omnem
839 3792 920 3856 pene
936 3771 1046 3835 Asiam
1072 3772 1265 3853 subiugavit,
1292 3779 1325 3836 et
1346 3790 1447 3853 usque
1463 3772 1505 3836 ad
1520 3773 1678 3837 Arbacem
1695 3772 1835 3853 Medum,

213 3890 268 3973 qui
297 3890 451 3955 distructo
480 3911 580 3974 regno
602 3891 804 3976 Assyriorum
834 3891 867 3955 in
898 3890 1011 3955 Medos
1039 3910 1112 3955 eum
1141 3891 1297 3955 convertit
1323 3889 1487 3972 tenuitque
1518 3910 1619 3974 usque
1649 3892 1692 3956 ad
1718 3892 1838 3976 Cyrum

213 4010 356 4094 Persam,
382 4010 435 4094 qui
458 4010 571 4076 itidem
586 4011 751 4077 Medorum
773 4031 908 4094 regnum
930 4011 1119 4075 subversum
1141 4009 1175 4074 in
1190 4010 1324 4074 Parthos
1346 4011 1520 4093 transtulit,
1547 4019 1580 4077 et
1601 4011 1718 4078 exinde
1737 4033 1838 4097 usque

213 4131 255 4195 ad
277 4130 498 4196 Alexandrum
522 4133 673 4214 Magnum
696 4131 922 4210 Macedonem,
960 4131 1013 4213 qui
1045 4130 1179 4196 devictis
1202 4129 1328 4194 Parthis
1357 4131 1390 4194 in
1413 4131 1585 4198 Grecorum
1615 4132 1740 4197 dicione
1770 4153 1837 4198 rem
1860 4152 1888 4192 ro

212 4250 375 4333 publicam
404 4252 591 4317 demutavit.
639 4261 711 4337 post
739 4252 800 4317 beo
829 4251 985 4336 quomodo
1016 4251 1211 4316 Octavianus
1233 4250 1399 4333 Augustus
1422 4253 1521 4317 Cesar
1551 4253 1705 4319 subverso
1734 4256 1872 4337 regnod

212 4369 385 4435 Grecorum
413 4371 447 4435 in
469 4372 520 4437 ins
542 4372 853 4455 dominationemque
877 4372 1089 4436 Romanorum
1112 4371 1272 4456 perduxit.
1318 4378 1352 4436 et
1373 4371 1450 4454 quia
1472 4380 1546 4437 ante
1569 4374 1749 4456 Augustum
1772 4373 1835 4437 iarn

212 4511 270 4574 per
297 4492 515 4575 septingentos
544 4512 645 4556 annos
673 4493 854 4573 consolum,
888 4490 1076 4556 dictatorum
1104 4511 1278 4574 regumque
1301 4510 1429 4556 suorum
1453 4492 1597 4558 sollertia
1618 4493 1763 4557 Romana
1785 4511 1837 4557 res

212 4611 342 4694 publica
370 4612 527 4677 nonnulla
554 4612 742 4695 subegerat,
776 4613 818 4676 ab
847 4611 917 4695 ipso
940 4612 1073 4677 Romulo
1102 4609 1307 4677 aedificatore
1337 4612 1408 4677 eius
1437 4613 1591 4696 originem
1620 4632 1769 4694 sumens,
1801 4612 1836 4675 in

212 4729 387 4797 vicensimo
414 4737 527 4814 quarto
556 4751 640 4796 anno
669 4731 840 4796 Iustiniani
869 4730 1087 4815 imperatoris,
1121 4731 1269 4812 quamvis
1298 4732 1453 4813 breviter,
1494 4754 1557 4798 uno
1586 4733 1754 4799 tamenin
1782 4739 1836 4797 tuo

213 4940 233 4945 --
253 4941 621 4948 ..-.---..-----

302 5078 324 5124 P
339 5079 473 5141 letrrdec
491 5078 569 5139 adem,
589 5077 715 5138 praefatio
732 5078 817 5140 deest).
838 5103 872 5113 —
892 5077 1013 5125 Maratori
1030 5066 1077 5126 rer.
1099 5078 1158 5125 ltul.
1170 5080 1339 5143 semipastam.
1360 5077 1375 5122 l
1390 5092 1415 5137 p.
1431 5077 1505 5128 999⁸.

300 5232 323 5283 l.
343 5232 358 5282 2
383 5234 474 5295 incipit
491 5235 554 5281 liber
571 5233 681 5283 iordanis
699 5234 811 5295 episcopi
829 5233 860 5280 da
878 5247 974 5281 summa
993 5237 1133 5293 temporum
1152 5232 1195 5278 nol
1214 5232 1309 5291 orlglno
1327 5233 1475 5294 actibusque
1494 5234 1577 5293 gentis
1595 5246 1751 5281 romanorum
1772 5233 1835 5294 (laga

212 5320 276 5369 salix
289 5319 347 5369 add.
367 5319 394 5380 Vl
411 5319 477 5367 PVS
579 5320 594 5368 a
613 5320 759 5380 uigilantius
778 5315 888 5384 neonae]
911 5318 938 5378 V,
959 5319 1091 5377 uigilantia
1104 5332 1160 5365 anm
1175 5317 1204 5376 P,
1224 5318 1370 5377 ulgtunttse
1383 5323 1442 5366 tuas
1456 5318 1513 5366 Pur.
1620 5320 1690 5379 longo
1708 5334 1753 5381 per
1770 5327 1835 5367 tern-

212 5403 282 5472 pore]
301 5406 330 5468 P,
349 5407 423 5467 longa
441 5419 485 5467 pcr
501 5412 612 5467 tempora
634 5406 655 5452 V
766 5405 780 5452 'l
799 5404 869 5453 addis
891 5405 912 5452 V
1034 5402 1064 5452 12
1083 5404 1279 5452 conuersationis
1298 5403 1321 5449 Ρ
1429 5418 1589 5453 ammononcs
1608 5405 1630 5451 P
1745 5405 1776 5455 lb
1795 5420 1835 5454 aa·

212 5494 345 5552 syrrlorum
364 5492 387 5540 P
518 5490 549 5540 16
566 5505 657 5553 penam
676 5492 699 5539 P
818 5492 982 5550 subiungauit
1002 5489 1024 5535 P
1144 5487 1175 5537 19
1193 5485 1304 5554 dicione]
1323 5490 1352 5548 P,
1372 5489 1468 5538 dltlons
1491 5491 1510 5536 V
1637 5490 1671 5541 20
1690 5499 1796 5553 augusto
1815 5491 1837 5537 Ρ

212 5577 246 5627 22
264 5592 418 5639 regnumque
438 5578 460 5624 Ρ
562 5575 732 5627 aturensium
756 5579 777 5624 V

290 5676 410 5718 [onoma
1614 5681 1625 5731 1
