4246 6082
255 283 397 349 XXVIII
950 287 1179 344 Puoosulvu.

255 517 416 576 auctorem
446 531 485 576 ex
514 516 652 575 tractatu
680 511 788 595 aliquo
818 511 1039 596 chronologico
1072 519 1179 579 sectae
1208 512 1447 580 Alexandrinae
1476 514 1572 581 hodie
1602 514 1783 601 deperdito,
1825 517 1888 602 qui

255 639 364 697 contra
385 632 559 697 Eusebium
583 632 707 698 Cainan
735 634 871 700 alterum
899 640 1090 716 agnosceret
1118 640 1152 699 et
1172 633 1292 699 Christi
1313 635 1438 700 natales
1460 635 1494 700 in
1515 656 1635 702 annum
1658 637 1769 704 mundi
1792 642 1887 703 5500

253 752 395 834 referret,
422 772 520 837 supra
541 774 574 837 p.
592 753 685 818 XVII
707 752 857 818 vidimus.
897 773 938 819 ex
961 753 1074 820 eodem
1096 755 1223 820 omnino
1246 762 1374 821 auctore
1397 755 1550 821 Iordanes
1574 755 1770 842 deprompsit
1792 779 1885 842 quae

252 871 284 936 in
307 872 462 957 principio
485 874 592 958 operis
613 894 654 939 ex
668 872 858 938 Iudaeorum
881 873 1013 939 historia
1034 874 1154 940 adiecit
1175 875 1217 940 ad
1232 874 1493 959 Hieronymiana,
1520 897 1653 960 quorum
1676 898 1748 944 cum
1766 880 1885 963 plera-
1965 946 1973 953 ,

251 1012 313 1073 que
341 990 462 1076 pariter
490 994 668 1059 referantur
689 993 776 1077 aprud
798 1013 909 1058 amnes
930 1013 1041 1059 sacrae
1064 995 1216 1061 historiae
1239 995 1426 1080 scriptores,
1459 1016 1486 1062 e.
1514 999 1552 1058 57
1576 998 1719 1081 proxime
1741 999 1886 1064 accedat

251 1111 294 1176 ad
316 1113 505 1199 losephnm‚
539 1113 612 1194 duo,
627 1121 713 1181 certe
742 1113 803 1179 loci
825 1135 853 1179 c.
879 1117 920 1178 26
944 1113 985 1179 de
1007 1114 1207 1200 Aegyptiace
1229 1116 1372 1181 doctrina
1394 1115 1492 1180 Masis
1520 1116 1650 1183 rediens
1679 1119 1766 1204 apud
1788 1119 1884 1204 Syn-

251 1235 367 1299 cellum
396 1242 429 1300 et
454 1254 481 1300 c.
507 1237 543 1298 81
572 1235 612 1300 de
634 1235 855 1319 persecutione
877 1234 1068 1299 Iudaeorum
1091 1235 1316 1302 Alexandreae
1338 1242 1370 1301 et
1392 1235 1581 1302 Antiochiae
1604 1245 1744 1322 tempore
1766 1240 1885 1305 Ptole-

239 1345 335 1420 ‘maei
356 1355 551 1434 Alexandri,
584 1355 624 1419 de
647 1375 711 1438 qua
732 1361 900 1439 praeterea
921 1354 1001 1419 nihil
1024 1356 1180 1440 comperi,
1207 1356 1374 1422 stabiliunt
1397 1356 1538 1422 chronici
1561 1357 1631 1423 eius
1654 1358 1809 1442 originem
1837 1381 1882 1426 cx

250 1474 410 1560 Aegypto.
456 1476 568 1541 fabula
589 1495 714 1559 quoque
737 1495 765 1539 c.
791 1477 852 1538 268
876 1474 916 1540 de
940 1477 1200 1562 statua'l'raiani
1222 1476 1309 1562 apud
1331 1477 1428 1542 Indos
1451 1477 1617 1562 dedicata,
1644 1500 1725 1562 quae
1749 1480 1884 1566 etipsa

249 1596 290 1660 ab
313 1595 448 1662 Iordane
471 1597 539 1662 solo
560 1594 645 1661 tradi
667 1595 808 1674 videtur,
835 1594 877 1659 ad
900 1596 1038 1660 eundern
1060 1603 1220 1662 auctorem
1243 1597 1348 1664 redire
1371 1604 1486 1682 potest.
1535 1597 1674 1683 denique
1696 1600 1737 1664 ab
1760 1600 1881 1667 eodem

248 1716 490 1800 proficiscuntur
512 1737 594 1801 quae
617 1715 657 1781 de
680 1715 880 1781 versionibus
902 1716 1071 1782 bibliorum
1094 1716 1263 1783 traduntur
1285 1739 1311 1783 c.
1338 1722 1413 1782 270.
1439 1721 1514 1782 276.
1541 1721 1615 1783 277.
1642 1722 1719 1801 280,
1754 1721 1883 1787 similia

248 1858 288 1901 ea
316 1838 426 1903 relatis
455 1837 545 1922 apud
566 1836 783 1922 Epiphaniam
813 1836 847 1900 in
877 1836 957 1900 libro
987 1836 1027 1902 de
1054 1838 1212 1903 mensuris
1243 1846 1274 1904 et
1303 1837 1497 1922 ponderibus
1527 1859 1631 1920 neque
1661 1846 1768 1905 tamen
1798 1840 1882 1908 inde

247 1957 408 2040 profecta:
440 1958 537 2022 immo
566 1965 734 2039 utrumque
764 1964 925 2022 auctorem
954 1957 1035 2022 baec
1064 1957 1240 2042 sumpsisse
1271 1978 1311 2022 ex
1333 1958 1442 2024 nescio
1464 1958 1580 2041 quibus
1602 1960 1774 2025 annalibus
1796 1961 1882 2028 inde

247 2077 406 2160 colligitur
435 2078 521 2159 quod
543 2076 629 2162 apud
652 2076 870 2162 Epiphaniam
899 2074 975 2141 anni
1003 2075 1158 2162 adscripti
1187 2083 1261 2142 sunt
1283 2077 1437 2142 Hadriani
1465 2085 1497 2143 et
1519 2079 1709 2145 Oaracallae
1732 2087 1764 2145 et
1786 2081 1882 2148 refe-

246 2207 356 2264 runtur
377 2198 466 2284 apud
488 2199 625 2264 eundem
647 2196 754 2262 media
775 2195 857 2261 haec
877 2196 960 2262 inter
981 2197 1145 2262 annalium
1169 2205 1320 2283 excerpta
1341 2199 1417 2263 alia.
1443 2236 1485 2245 —-
1508 2198 1693 2265 Christiana
1714 2221 1820 2284 pauca
1847 2210 1884 2268 et

246 2318 393 2402 vulgaria
415 2339 497 2401 quac
520 2317 673 2383 Iordanes
695 2316 822 2382 addidit
844 2337 873 2381 c.
898 2320 971 2380 256.
998 2320 1059 2380 265
1083 2324 1257 2401 praetereo.

41 2431 233 2478 222122002-
333 2441 375 2503 X.
405 2440 468 2522 {Da
491 2457 635 2504 oraturus
658 2456 757 2501 varus
780 2439 913 2507 Rornae.
940 2438 1199 2503 commentarium
1222 2437 1383 2519 quoddam
1399 2439 1553 2505 Iordanes
1575 2440 1723 2506 habuerit
1738 2461 1881 2511 neeesse

88 2497 139 2536 uno
154 2487 233 2530 uanae
246 2566 305 2623 est·
353 2558 428 2624 inde
451 2580 533 2643 quae
556 2559 700 2643 profecta
723 2565 806 2641 sunt,
832 2557 953 2623 inserta
975 2557 1234 2643 Hieronymianis
1257 2558 1311 2635 ita,
1342 2565 1377 2623 ut
1399 2560 1558 2625 emblema
1581 2560 1678 2626 facile
1701 2573 1875 2650 appareat,

244 2679 325 2744 haec
348 2688 438 2746 sunt:

334 2804 371 2884 (c.
397 2804 448 2885 38)
475 2801 593 2865 Aeneas
621 2801 673 2885 (ear
692 2800 790 2882 Troia)
815 2800 938 2884 sepiens
963 2801 994 2861 ia
1017 2801 1141 2862 Italiam
1163 2802 1253 2879 aorm,
1280 2819 1313 2861 sc
1335 2821 1451 2883 qnoque
1473 2823 1541 2864 eran
1556 2805 1663 2864 Latina
1688 2807 1789 2866 Formi
1806 2810 1876 2887 fib'a

247 2909 309 2968 Pici
329 2915 433 2988 nepote
449 2909 637 2988 Satarnr'qae
659 2905 800 2987 abnepote
823 2905 992 2985 adfinitatis
1014 2905 1120 2986 pratia
1144 2905 1271 2985 r'unpens
1294 2913 1417 2985 accepto
1435 2907 1502 2986 fitia
1525 2908 1590 2966 cairus
1615 2909 1645 2967 r'a
1661 2927 1791 2969 tamarem
1809 2914 1878 2972 La-

241 3012 344 3071 vinia:
368 3013 525 3092 ran'tosqoe
542 3013 656 3092 Frypos
673 3010 823 3090 italosque
835 3008 963 3088 populos
979 3008 1173 3068 nominavere
1188 3009 1332 3068 Latr'nos:
1362 3007 1399 3089 (c.
1420 3009 1469 3089 39)
1498 3016 1525 3069 ct
1547 3011 1591 3071 sic
1614 3011 1675 3071 ianr
1697 3031 1740 3071 aaa
1755 3019 1828 3074 trare
1846 3024 1879 3077 ct

241 3114 399 3194 uternam,
432 3115 572 3195 quamvis
603 3115 633 3173 in
659 3113 858 3193 paoperrr'ma
888 3129 980 3192 req-no
1008 3111 1126 3190 locoque
1149 3118 1277 3191 anqusto
1300 3111 1379 3191 qaod
1401 3111 1558 3172 dicebatur
1581 3133 1655 3194 apro
1679 3116 1876 3179 Laurentum

243 3213 388 3299 (sortasse
411 3234 468 3299 pro
491 3236 600 3297 aprum
623 3218 827 3294 Lanrerrtum,
860 3210 895 3275 id
917 3218 966 3276 est
987 3232 1061 3294 aper
1083 3213 1233 3294 Laurens)
1262 3222 1468 3294 reposuerant
1494 3223 1564 3295 post
1586 3219 1727 3277 Latinam
1750 3215 1875 3282 Aeaeos

240 3328 267 3381 et
290 3338 478 3381 suceessares
501 3320 566 3379 eins
593 3317 658 3399 [qut
678 3326 704 3378 et
728 3318 821 3378 Siluii
840 3324 912 3376 sant
927 3314 1096 3396 Albanique
1119 3314 1250 3394 vocitata]
1275 3334 1331 3395 pro
1352 3313 1470 3377 Albano
1491 3317 1567 3377 arbe
1593 3321 1630 3397 [et
1650 3339 1707 3399 pro
1728 3329 1874 3400 postumo

240 3423 369 3503 Aeaeae]
396 3422 472 3484 idem
496 3419 607 3503 Aenea,
633 3423 687 3502 qai
707 3422 819 3483 idoneo
843 3420 959 3480 Siluius
981 3419 1079 3480 distros
1103 3426 1156 3495 est,
1182 3420 1255 3499 qm'o
1277 3420 1406 3479 Lar-iaia
1426 3429 1494 3500 past
1516 3430 1640 3482 mortem
1663 3420 1799 3501 Aeneae,
1827 3428 1872 3484 a·-

239 3546 322 3588 mens
345 3524 472 3587 Ascanii
495 3525 654 3602 invidiam,
680 3524 759 3584 ctam
781 3542 848 3583 enar
873 3524 904 3583 r'n
927 3522 1007 3583 silua
1028 3523 1186 3603 peneroad
1208 3519 1397 3603 [terramque
1420 3523 1552 3584 Sil-raum
1574 3526 1753 3585 nominarit.
1875 3529 1877 3532 ’

327 3648 367 3728 (c.
394 3647 444 3729 51)
472 3653 541 3727 post
563 3642 799 3706 latrocinantes
824 3689 831 3703 .
854 3689 889 3703 ..
916 3643 1066 3703 Lornnntr'
1088 3643 1146 3703 loci
1167 3650 1193 3703 ct
1215 3643 1303 3702 Latio
1325 3661 1411 3723 repes
1435 3643 1546 3703 Silvios
1570 3640 1779 3725 Albanasque,
1814 3651 1874 3727 qni

238 3759 382 3812 trecentos
403 3769 460 3832 per
482 3768 579 3810 aranas
603 3751 635 3810 in
656 3755 745 3828 parte
768 3747 877 3808 Italiae
899 3753 1109 3828 repausarent
1130 3746 1270 3826 quamvis
1294 3748 1509 3826 paraperrr'me,
1541 3744 1690 3825 [Arnnb'ns
1713 3766 1775 3808 rae
1797 3750 1871 3810 lla-

237 3855 355 3915 mr'torr's
374 3853 490 3934 fratris
509 3851 617 3933 filiam}
644 3854 736 3911 licam
751 3852 881 3929 rroau'ne,
907 3868 986 3930 qnae
1001 3856 1029 3909 et
1054 3848 1137 3929 [Ilio]
1163 3848 1340 3926 avocabatur,
1371 3850 1530 3929 [Vestalem
1547 3851 1697 3931 oirqr'oem
1709 3850 1865 3931 seneroti:

237 3977 314 4038 quae
335 3957 468 4038 mannia
490 3959 613 4018 inventa
635 3955 707 4016 dam
729 3956 827 4016 scelus
851 3973 940 4014 aaran
962 3954 1072 4014 nititur
1094 3971 1266 4030 eoecrrsore,
1292 3973 1312 4013 a
1336 3955 1434 4014 lllarte
1457 3972 1489 4013 se
1512 3971 1716 4032 consp-russam
1739 3958 1869 4017 mentita

236 4069 291 4122 est.
335 4062 388 4141 [aa
411 4081 473 4143 quo
495 4062 603 4142 penitis
626 4058 742 4120 ducebas
764 4059 891 4141 pernim's
914 4075 975 4117 rem
997 4058 1113 4137 conponi
1126 4055 1307 4136 prurecepr'tl.
1347 4075 1420 4137 quos
1435 4058 1588 4137 capientes
1604 4057 1754 4117 rueretrr'ec
1769 4077 1868 4139 qraere-

236 4164 308 4225 rlonr
330 4167 419 4245 Lapa
448 4165 566 4224 nomine
595 4182 663 4224 eam
692 4162 844 4239 audisset,
877 4161 978 4222 stotr'nr
1008 4160 1114 4221 tollens
1144 4159 1187 4219 ad
1211 4159 1392 4220 Faustulum
1419 4166 1574 4238 pastorem
1597 4159 1741 4220 adducant.
1790 4180 1867 4241 qrros

236 4264 314 4328 sicca
336 4287 421 4328 armar
444 4268 509 4328 cias
531 4267 673 4327 arctrr'ens
696 4267 775 4327 inter
798 4266 875 4325 alios
895 4271 1035 4345 pastores
1058 4263 1239 4324 corrnersari
1260 4261 1386 4323 edocent.

326 4388 362 4468 (c.
389 4389 439 4468 52)
468 4388 612 4448 Romulus
635 4373 759 4468 elrrsqn-'e
780 4403 945 4468 permanes
972 4384 1105 4462 [collecta
1125 4390 1285 4462 pastorem
1307 4381 1510 4462 multitudine]
1537 4385 1689 4443 Romanae
1707 4382 1793 4444 urbis
1810 4405 1867 4446 ne-

234 4491 335 4571 rb‘ficr'c
364 4491 581 4552 inchoaverant
610 4508 722 4570 saraque
751 4489 787 4549 de
816 4489 933 4548 nonnae
957 4488 1075 4566 r'nrn'ar,
1113 4486 1177 4567 lqra'
1197 4504 1377 4565 perrnannm
1397 4486 1595 4564 peremerat]
1631 4485 1733 4545 urbem
1756 4491 1867 4549 'narrar'

233 4597 356 4656 ltonrom
376 4598 541 4676 proecepit.

232 4731 330 4795 Vncis
358 4730 485 4795 inclusa
514 4728 583 4794 sola
613 4749 653 4793 ex
675 4727 869 4811 Hieronymo
892 4724 1047 4811 proficisci
1070 4731 1258 4809 potuerunt,
1291 4744 1484 4807 quamquam
1506 4723 1603 4787 etiarn
1626 4723 1707 4788 haec
1730 4722 1861 4790 aliunde

231 4851 404 4936 adsumpta
426 4870 498 4916 esse
521 4849 626 4932 magis
648 4848 814 4932 probabile
837 4853 898 4911 est.
945 4846 1054 4910 insunt
1076 4854 1183 4910 autern
1206 4845 1239 4908 in
1262 4844 1313 4908 his
1336 4844 1429 4929 plura
1450 4864 1533 4927 quae
1555 4842 1589 4906 in
1612 4847 1701 4908 tanta
1723 4843 1862 4908 dirersi-

230 4977 294 5037 tate
318 4971 498 5038 iabularum
521 4969 600 5035 alibi
624 4989 694 5034 raro
717 4969 769 5034 vel
792 4987 950 5051 nusquam
973 4965 1136 5031 invenias:
1164 4965 1209 5030 ita
1230 4964 1363 5030 trecenti
1386 4964 1463 5029 anni
1479 4963 1651 5028 Siluiorum
1674 4963 1762 5047 apud
1779 4963 1860 5029 Ver-

229 5092 342 5174 gilium
365 5093 447 5157 Aen.
477 5097 503 5174 t,
530 5095 592 5154 272
622 5090 765 5173 aliosque
796 5087 992 5172 antiquiores
1022 5087 1212 5168 redeuntes,
1245 5106 1265 5150 a
1295 5084 1545 5169 chronographis
1575 5092 1698 5149 mature
1721 5084 1853 5150 aboliti:

229 5213 274 5277 ita
296 5214 388 5298 Lupa
416 5214 457 5278 ab
480 5212 566 5277 Acca
595 5211 724 5276 diversa
753 5210 828 5276 item
859 5229 930 5274 cum
959 5206 1207 5288 antiquioribus:
1241 5206 1286 5271 ita
1308 5207 1377 5271 Rea
1406 5226 1489 5289 quae
1520 5211 1552 5269 et
1581 5204 1658 5268 Ilia:
1695 5203 1743 5268 ita
1770 5203 1857 5270 lilius

228 5334 357 5399 Aeneae
380 5354 420 5398 ex
443 5332 580 5398 Lavinia
601 5331 763 5416 plerisque
785 5332 955 5395 Postumus
979 5328 1100 5393 Silvius
1124 5327 1246 5409 dictus,
1272 5325 1324 5391 bic
1347 5326 1474 5389 Aeneas
1498 5324 1636 5388 Silvius:
1670 5324 1716 5389 ita
1737 5325 1859 5389 Romu-

228 5455 278 5520 lus
301 5455 400 5520 Remo
423 5453 543 5534 iunior,
575 5452 609 5516 id
639 5453 723 5535 quod
754 5471 910 5534 nusquam
941 5449 1020 5513 alibi
1050 5448 1168 5531 legisse
1198 5467 1248 5510 me
1278 5445 1418 5510 memini.
1467 5453 1501 5510 ut
1523 5444 1682 5527 quaedam
1705 5465 1745 5509 ex
1768 5465 1858 5510 mera

226 5575 463 5662 perturbatione
485 5573 642 5656 originem
666 5573 831 5654 duxerint,
866 5571 1018 5657 pleraque
1041 5567 1232 5634 crediderim
1256 5587 1297 5631 ex
1320 5565 1502 5631 narratione
1525 5566 1681 5650 proficisci
1706 5565 1803 5629 siurili
1826 5567 1858 5631 ei
1953 5560 1959 5583 ²
