4246 6082
261 279 281 339 2

261 466 387 531 nomine
410 471 442 530 et
462 465 524 531 hoe
545 445 736 549 parvissimo
758 463 869 529 libello
892 462 1033 546 confeci,
1064 463 1202 548 iungens
1232 463 1262 529 ei
1284 462 1374 529 aliud
1395 464 1545 530 volumen
1568 463 1610 529 de
1631 463 1756 547 urigine
1777 471 1896 549 aetus-

261 606 323 668 que
347 585 459 650 Getice
488 584 612 668 gentis,
645 603 741 665 quam
770 582 834 647 iam
864 581 985 647 dudum
1015 583 1175 647 communi
1205 584 1308 649 amieo
1331 584 1473 649 Castalio
1502 582 1701 666 ededissem,
1735 582 1895 665 quatinus

261 704 462 769 diversarum
491 704 635 787 gentium
664 701 846 768 calamitate
877 709 1028 786 conperta
1056 704 1098 768 ab
1126 704 1211 767 omni
1238 722 1372 768 erumna
1401 702 1538 769 liberum
1566 710 1599 769 te
1628 701 1698 768 fieri
1720 703 1834 789 cupias
1857 709 1895 767 et

224 824 304 890 bad
333 825 429 889 deum
459 831 644 906 convertas,
677 823 733 905 qui
754 829 804 887 est
824 841 902 887 vera
923 823 1066 888 libertas.
1114 824 1226 905 legens
1249 843 1325 906 ergo
1348 831 1499 905 utrosque
1522 823 1667 906 libellos,
1700 822 1779 889 seito
1801 822 1894 906 qnod

228 944 408 1027 adiligenti
439 944 556 1010 mundo
584 962 711 1028 semper
741 942 917 1007 necessitas
945 942 1099 1007 imminet.
1146 950 1180 1006 tn
1211 963 1286 1007 vero
1316 944 1462 1008 ausculta
1487 942 1662 1008 Iohannem
1691 943 1889 1028 apostolum,

260 1063 314 1146 qui
336 1063 396 1127 ait:
431 1062 615 1145 ‘carissimi
642 1062 739 1127 nolite
762 1061 905 1144 dilegere
927 1060 1081 1126 mundum
1103 1082 1207 1144 neque
1229 1082 1269 1127 ea
1291 1082 1353 1146 que
1375 1063 1409 1126 in
1431 1061 1548 1128 mundo
1571 1070 1656 1129 sunt.
1694 1062 1771 1147 quia
1791 1083 1893 1128 mun·
1907 1092 1946 1132 oi.
1961 1084 1981 1129 ι,
1995 1083 2040 1129 an

263 1182 342 1248 ‘dus
364 1183 480 1248 transit
501 1190 534 1247 et
555 1182 814 1267 concupiscentia
835 1182 922 1247 eius:
956 1182 1011 1263 qui
1040 1189 1147 1247 autem
1177 1181 1291 1248 feeerit
1318 1183 1514 1248 voluntatem
1537 1181 1609 1263 dei,
1643 1188 1751 1247 manet
1771 1182 1806 1246 in
1831 1203 1893 1248 ae-

264 1305 432 1368 ‘ternum’.
479 1309 610 1385 estoque
638 1308 704 1367 toto
733 1303 827 1368 eorde
856 1301 998 1384 diligens
1028 1302 1123 1368 deum
1154 1310 1186 1369 et
1212 1303 1407 1387 proximum,
1444 1309 1480 1366 ut
1507 1302 1687 1387 adimpleas
1716 1303 1825 1387 legem
1857 1310 1893 1367 et

259 1441 330 1488 ores
352 1442 409 1506 pro
431 1441 493 1505 me,
518 1421 717 1487 nonilissime
740 1428 772 1487 et
794 1421 964 1504 magnifiee
986 1421 1096 1486 frater.

347 1734 370 1780 P
385 1733 411 1781 V.

346 1870 357 1919 1
379 1871 525 1933 actibusque
550 1870 570 1914 V
672 1869 828 1917 5mundum
852 1869 872 1916 V
