4246 6082
961 334 1128 394 hautun.
1815 338 1853 401 41

235 534 402 611 utramque
431 548 498 593 rem
528 527 688 614 publicam
717 527 860 611 utrisque
890 527 966 593 liliis
996 530 1136 611 quietam
1166 521 1360 612 relinquens.
1407 540 1521 614 corpus
1543 527 1613 594 cius
1636 520 1748 594 codem
1772 544 1856 593 auno

236 632 543 716 Constantinopolim
567 631 709 697 adlatum
733 639 829 714 atquc
851 632 1022 716 sepultum.

103 754 170 795 333.
184 756 223 796 333
321 734 502 799 Archadius
536 742 569 800 et
604 735 762 799 Honorius
794 735 909 799 iratres
942 735 999 799 filii
1040 735 1213 800 Theodosii
1254 736 1456 820 imperatoris
1489 743 1657 818 utrumque
1689 735 1857 819 imperium
1877 733 1939 794 319

236 838 350 901 (1131313
378 845 499 902 tantum
531 837 661 902 sedibus
691 846 801 903 tenere
829 846 1021 921 coeperant,
1054 838 1088 902 id
1116 846 1165 903 est
1186 838 1367 903 Archadius
1397 839 1502 902 senior
1531 838 1857 922 Constantinopolita-

236 962 310 1004 nam
334 941 459 1020 urbem,
494 942 653 1006 Honorius
676 961 751 1011 vero
775 941 962 1005 Romanam.
1009 951 1085 1006 tunc
1109 942 1241 1005 Rufinus
1264 941 1416 1026 patricius
1438 939 1598 1005 Archadio
1622 942 1757 1025 principi
1779 941 1892 1007 insi-⁵

237 1044 308 1108 dias
330 1044 466 1109 tendens
489 1045 675 1110 Halarieum
700 1044 875 1109 Gothorum
897 1063 1023 1127 regem,
1058 1052 1092 1109 ut
1115 1045 1247 1109 Grecias
1277 1044 1477 1124 devastaret,
1511 1045 1619 1109 missis
1649 1045 1731 1109 clam
1762 1063 1859 1129 pecn-

237 1149 300 1212 niis
332 1148 490 1213 invitavit.
539 1168 633 1232 porro
667 1148 812 1212 detectus
842 1147 975 1211 Rufinus
1009 1147 1049 1213 ab
1079 1149 1193 1212 Italiae
1226 1148 1381 1213 militibus
1403 1154 1434 1212 ct
1455 1133 1623 1213 ¹Archadio
1653 1168 1724 1214 cum
1755 1147 1861 1212 Gaiua

238 1252 352 1316 comite
374 1252 537 1332 ruissus¹}‚
572 1258 647 1315 aute
675 1259 783 1334 portas
812 1251 900 1315 urbis
930 1251 1137 1316 detruncatas
1167 1259 1217 1317 cst
1244 1259 1403 1336 caputque
1434 1252 1503 1316 eius
1533 1259 1566 1317 et
1590 1251 1724 1317 dextera
1746 1271 1860 1316 manns

106 1374 171 1415 aare.
186 1375 224 1417 333
237 1354 542 1438 Constantinopolim
565 1354 608 1418 ad
630 1354 801 1419 ludibrium
825 1353 1073 1418 circumductum
1098 1357 1110 1437 ΙΙ
1132 1374 1323 1437 uxoremque
1351 1353 1421 1419 eius
1443 1355 1606 1419 exulatum
1629 1374 1708 1439 opes
1729 1361 1893 1419 cunctast

106 1476 172 1517 3333.
186 1479 225 1519 urs
238 1457 410 1541 Eutropius
434 1456 533 1540 spado
555 1458 739 1541 promeruit.
765 1458 776 1542 11
804 1457 901 1522 Gildo
923 1463 998 1521 tunc
1020 1457 1148 1522 Africae
1171 1457 1269 1522 comis
1291 1478 1312 1521 3
1333 1456 1514 1522 Theodosio
1537 1457 1657 1522 dudum
1680 1456 1854 1535 ordinatus,
1878 1456 1940 1517 3211

238 1580 278 1624 ac
307 1561 335 1624 si
363 1560 538 1625 iuvenilem
561 1580 694 1643 regnum
718 1567 885 1644 utrumque
907 1559 1107 1644 despiciens,
1138 1561 1199 1625 sibi
1222 1560 1306 1625 velle
1329 1560 1436 1644 coepit
1457 1560 1598 1625 Airicam
1622 1559 1765 1644 optinere
1788 1565 1862 1624 313

239 1663 336 1728 fratre
367 1664 493 1748 proprio
515 1664 673 1728 Masceael
703 1663 779 1728 dum
803 1683 837 1728 33
861 1663 997 1729 vidisset
1019 1664 1175 1729 (13333333
1200 1663 1463 1748 oppressionique
1486 1663 1641 1746 vicinum,
1674 1662 1804 1747 propria
1826 1681 1861 1727 se

105 1787 173 1828 3333.
187 1789 226 1828 roa
239 1786 335 1831 manu
366 1767 511 1850 peremit.
542 1767 554 1852 11
582 1767 688 1831 Gaina
716 1787 792 1832 vero
821 1773 919 1852 snpra
947 1768 1128 1833 nominatus
1158 1767 1256 1832 comis
1284 1764 1589 1851 Constantinopolim
1618 1766 1712 1831 civile
1741 1766 1861 1831 bellum

106 1890 173 1931 aare.
187 1891 226 1930 (33
239 1890 440 1935 commovens
468 1877 568 1935 totam
600 1872 710 1935 urbem
739 1870 808 1953 igni
838 1870 985 1952 ferroque
1014 1871 1155 1936 turbavit
1175 1874 1188 1955 11
1210 1871 1401 1954 fugiensque
1423 1869 1623 1954 Hellispouto
1647 1869 1778 1953 piratico
1800 1869 1861 1934 ritu

239 1974 379 2038 vivebat.
427 1981 535 2038 contra
557 1993 650 2057 quem
674 1974 783 2037 navali
804 1974 924 2057 proelio
948 1974 1022 2038 (1333
1045 1974 1136 2038 multi
1160 1974 1334 2039 Gothorum
1361 1973 1431 2037 eius
1454 1972 1597 2037 extincti.
1643 1972 1714 2056 ipse
1736 1992 1862 2056 quoquc
1884 1992 1912 2031 33

106 2075 325 2141 3333333113
349 2076 490 2141 evadens
511 2094 585 2140 mox
607 2081 714 2141 tamen
738 2076 841 2161 capite
864 2076 1024 2161 plectitur.
1077 2083 1149 2160 post
1171 2077 1262 2141 cuins
1286 2076 1523 2161 oppressionem
1540 2077 1552 2159 ΙΙ
1568 2075 1672 2139 Isauri
1693 2095 1750 2159 per
1772 2094 1863 2140 mou·
1881 2076 1937 2139 321

238 2185 302 2244 tem
342 2179 441 2243 'lauri
475 2178 692 2244 discursantes
725 2179 840 2262 ingens
874 2179 1077 2264 dispendium
1109 2180 1156 2245 rei
1189 2180 1337 2264 publicae
1369 2179 1578 2262 inportarunt.
1638 2187 1746 2243 contra
1784 2197 1863 2259 qnos

107 2304 174 2345 3333.
188 2305 227 2347 ror
239 2281 459 2346 Narbanaicus
493 2282 633 2346 directus
665 2281 770 2347 maius
803 2282 951 2347 contiuuo
984 2281 1131 2366 rependit
1161 2281 1408 2347 incommodum.
1437 2282 1451 2367 ΙΙ
1476 2280 1633 2365 Hesperia
1662 2301 1737 2345 vero
1766 2280 1864 2365 plaga

240 2385 274 2448 in
303 2404 401 2468 regno
423 2385 557 2449 Honorii
585 2385 787 2470 imperatoris
815 2386 952 2469 primum
975 2385 1178 2469 ltadagaisus
1201 2385 1322 2470 Scytha
1351 2404 1422 2450 cum
1453 2384 1590 2449 ducenta
1620 2385 1709 2448 milia
1736 2403 1862 2449 suorum

240 2487 419 2552 inundavit.
467 2508 561 2572 quem
591 2488 713 2553 Huldin
742 2496 774 2553 et
803 2490 904 2554 Sarus
932 2488 1118 2553 Hunnorum
1142 2489 1380 2572 Gothorumqne
1410 2508 1504 2571 reges
1534 2495 1723 2572 superantes
1753 2504 1913 2552 omnesne

109 2615 175 2656 aaa.
189 2616 228 2657 ros
242 2591 395 2674 captivos,
422 2610 502 2674 quos
525 2592 710 2673 retulerant,
736 2591 872 2674 singulis
894 2591 1001 2656 aureis
1023 2591 1248 2658 vendiderant.
1265 2592 1279 2675 ΙΙ
1295 2592 1405 2656 Stilico
1429 2611 1503 2657 vero
1526 2591 1635 2671 comis,
1666 2590 1757 2655 cuius
1780 2589 1863 2655 duae
1883 2593 1945 2654 322

241 2693 328 2758 tiliae
351 2694 453 2757 Maria
474 2701 507 2759 et
527 2693 715 2759 Hermantia
738 2695 885 2778 singulae
908 2675 1036 2759 unoresx
1049 2695 1181 2759 Honorii
1203 2694 1357 2778 principis
1380 2694 1469 2759 luere
1492 2702 1524 2759 et
1547 2700 1699 2777 utraeque
1722 2693 1865 2776 virgines

241 2804 316 2861 sunt
337 2797 525 2878 deiunctae,
557 2803 684 2881 spraeto
707 2798 847 2863 Honorio
872 2818 1070 2882 regnumque
1093 2798 1163 2862 eius
1185 2797 1314 2862 inhians
1336 2797 1511 2861 Alanorum
1535 2796 1711 2861 Suavorum
1735 2795 1866 2861 Vanda-

241 2899 406 2982 lorumque
433 2906 547 2982 gentes
577 2900 671 2965 donis
700 2901 906 2985 pecuniisque
935 2901 1072 2966 inlectus
1094 2907 1204 2966 contra
1225 2920 1359 2983 regnum
1382 2900 1514 2965 Honorii
1537 2898 1705 2981 excitavit,
1738 2899 1866 2965 Euche-

243 3003 324 3067 rium
354 3003 454 3067 filium
484 3023 574 3068 suum
605 3024 767 3088 paganum
797 3011 829 3069 et
851 3004 1042 3070 Christianis
1065 3003 1201 3070 insidias
1224 3003 1406 3068 molientem
1429 3003 1561 3088 cupiens
1585 3003 1756 3068 Caesarem
1780 3001 1866 3067 ordi·
1886 3022 1917 3064 33

242 3126 330 3171 3333.
382 3107 436 3189 qui
466 3126 537 3170 cum
568 3106 681 3172 eodem
711 3106 777 3172 lilio
806 3126 864 3172 suo
895 3107 1019 3172 detecto
1049 3107 1121 3173 dolo
1151 3107 1276 3172 occisus
1305 3114 1365 3172 est.
1419 3126 1481 3191 quo
1512 3125 1595 3171 anno
1626 3114 1659 3171 et
1685 3105 1866 3170 Archadius

242 3209 416 3275 Orientalis
437 3210 618 3294 imperator,
646 3229 785 3292 regnans
808 3217 882 3293 post
904 3210 1024 3276 obitam
1047 3210 1148 3294 patris
1171 3231 1245 3274 ann.
1271 3229 1346 3291 xm,
1373 3209 1543 3274 defunctas
1567 3218 1625 3274 est.

170 3339 228 3382 33.
329 3312 529 3378 Theodosius
551 3313 656 3378 iunior
669 3313 824 3378 Archadii
846 3312 931 3378 iilius
955 3315 1024 3379 loco
1047 3314 1147 3397 patris
1170 3313 1325 3379 successit
1346 3312 1380 3377 in
1401 3312 1547 3396 imperio,
1574 3312 1758 3377 aduliscens
1774 3330 1868 3393 egre-
1886 3313 1948 3376 323

49 3444 118 3485 uere.
132 3445 177 3486 333.
191 3445 231 3486 (33
245 3415 328 3498 gius,
348 3415 360 3499 ll
377 3416 586 3499 regnavitque
608 3436 661 3480 an.
686 3434 783 3480 xuru.
814 3415 826 3501 ll
852 3416 1023 3482 Halaricus
1051 3437 1107 3482 rex
1129 3415 1382 3499 Vesegotharum
1404 3422 1563 3480 vastatam
1585 3415 1712 3479 Italiam
1736 3414 1868 3480 Romam

243 3519 409 3601 ingressus
433 3527 482 3584 est
505 3538 647 3602 opesque
662 3519 794 3583 Honorii
809 3518 947 3602 Augusti
970 3519 1185 3603 depraedatas
1200 3517 1378 3583 Placidiam
1401 3536 1539 3583 sororem
1562 3517 1633 3582 eius
1655 3516 1747 3582 duxit
1766 3517 1868 3602 capti·
1888 3538 1918 3579 33

244 3641 328 3704 333,
355 3642 450 3704 quam
473 3630 546 3705 post
567 3623 648 3687 baec
663 3622 817 3688 Atauulfo
840 3623 1019 3688 successori
1042 3642 1109 3704 suo,
1135 3622 1168 3687 in
1190 3620 1391 3687 matrimonio
1415 3629 1450 3686 ut
1470 3622 1640 3707 acciperet,
1667 3619 1869 3707 delegavitl

111 3754 178 3796 3333.
193 3755 229 3795 un
246 3725 473 3789 Constantinus
505 3732 581 3790 tunc
614 3724 743 3808 quidam
778 3725 903 3791 Gallias
937 3734 1109 3811 occupatas
1142 3725 1261 3791 invasit
1292 3724 1427 3808 imperio
1461 3723 1624 3807 filiumque
1658 3744 1750 3789 suum
1785 3725 1870 3790 Cou-
1887 3728 1949 3788 324

244 3833 380 3892 stantem
410 3847 451 3892 ex
480 3829 634 3893 monacho
657 3829 829 3894 Caesarem
859 3829 1026 3895 ordinavit.
1076 3829 1134 3893 sed
1163 3849 1236 3892 mox
1265 3828 1335 3912 ipse
1361 3826 1449 3912 apud
1471 3827 1656 3910 Arelatum,
1687 3826 1868 3892 filiuseius

112 3959 179 4002 une.
193 3960 234 4001 33
246 3930 334 4014 apud
355 3931 512 3996 Viennam
534 3952 668 4015 regnum
691 3951 762 3996 cum
785 3932 852 3997 vita
873 3933 1057 3998 amiserunt.
1081 3935 1094 4016 ΙΙ
1113 3932 1254 4014 itemque
1277 3951 1385 3996 earum
1413 3929 1501 3995 exitu
1523 3929 1715 3995 inmemores
1736 3929 1947 3996 1313333325
2039 3934 2040 3938 ’

333 4279 360 4326 3
371 4279 617 4341 aequaremini
635 4305 669 4314 -
684 4278 714 4328 ro
726 4281 864 4341 promeruit
880 4284 903 4328 c
923 4279 954 4328 33
967 4277 1176 4341 uesperi-31
1192 4278 1326 4340 3333333)
1346 4279 1407 4327 33.
1426 4303 1461 4312 -
1480 4276 1545 4326 aar.
1564 4293 1591 4338 ρ.
1607 4265 1670 4327 333ὸ
1687 4295 1711 4328 v.
1726 4277 1743 4327 4
1760 4284 1868 4329 uncum.

334 4434 478 4497 iquietcm
496 4431 617 4498 333131Ι
711 4434 881 4484 bharalicnm
901 4433 937 4482 b⁰
1048 4435 1155 4497 pecunie
1174 4431 1214 4480 1²⁰
1327 4432 1473 4494 'lgalnoL
1589 4432 1836 4484 8detruucutumL

246 4535 296 4584 qne
314 4521 405 4571 33331.
509 4520 635 4568 dextras
738 4516 838 4586 manus]
858 4520 888 4580 L,
909 4534 985 4568 mann
1002 4519 1094 4568 11va
1208 4519 1354 4568 ilexnltcm
1373 4519 1396 4565 P
1499 4517 1529 4567 13
1548 4520 1661 4579 guinula
1768 4519 1798 4570 14
1814 4525 1870 4568 331-

247 4604 329 4673 33311]
346 4607 495 4657 3333331313
598 4603 762 4672 belllsponto]
781 4606 835 4668 ΗΡ,
857 4606 1012 4670 hellesponto
1028 4607 1056 4668 V,
1076 4605 1273 4669 hellespontnL
1376 4600 1438 4671 ritu]
1457 4606 1496 4653 ltu
1509 4604 1545 4653 L‘
1651 4604 1682 4655 16
1700 4603 1755 4673 per]
1773 4612 1829 4669 post
1848 4607 1872 4652 ll

251 4692 281 4742 18
300 4695 416 4757 hesperia
433 4708 459 4742 u.
480 4690 562 4760 plaga]
581 4693 637 4742 libri
743 4692 973 4754 19133313133311
1075 4692 1198 4742 (inocente
1217 4692 1279 4741 Pst
1382 4689 1415 4742 20
1433 4691 1601 4740 hunorumll
1703 4690 1735 4740 22
1753 4692 1870 4740 hermun-

248 4776 295 4845 tia]
313 4778 414 4840 HPVL,
435 4780 577 4828 hermeneia
594 4779 629 4827 S:
648 4783 781 4841 requiritur
799 4780 960 4827 Thermantia
1064 4777 1096 4828 23
1114 4775 1225 4845 sprauto]
1245 4778 1272 4840 8,
1292 4785 1388 4840 rpracto
1405 4776 1485 4839 HPV,
1507 4784 1589 4840 spreto
1607 4778 1629 4825 L
1732 4773 1872 4844 alanorum]

248 4867 474 4915 alamurrnorumL
579 4866 719 4915 Sueborum
738 4865 898 4915 Marcellinus
1003 4865 1034 4914 24
1052 4865 1175 4914 (13331313
1279 4864 1311 4913 25
1329 4877 1453 4927 patenum
1471 4863 1731 4926 ampiruavit
1835 4859 1872 4929 et]

184 4972 188 4979 ·
249 4953 304 5000 eL
425 4952 595 5001 molientesL
716 4951 892 5002 2313113111>
1010 4955 1137 5015 aegregius
1154 4951 1178 4999 P
1300 4950 1333 5000 29
1352 4948 1394 5011 (οἷς
1411 4950 1526 4998 3331313
1647 4951 1693 4998 xlii
1713 4948 1872 4998 Marcellinus

250 5039 461 5102 adplaudunt
571 5037 601 5088 31
622 5039 734 5089 athaulfo
752 5040 782 5099 L,
803 5039 961 5088 3333311311
1072 5024 1104 5087 32
1123 5037 1348 5087 (3333311331,-
1423 5032 1538 5101 imperio]
1556 5035 1650 5083 HPVL
1751 5040 1806 5096 port
1823 5037 1871 5083 lm-

250 5128 318 5188 perio
340 5125 402 5186 quod
426 5124 523 5173 addunt
540 5125 593 5172 cod.
613 5125 685 5175 Vinci.
707 5127 757 5174 203
775 5131 798 5174 et
815 5125 889 5175 cdd:
914 5126 999 5172 rtatim
1023 5123 1107 5173 hostes
1130 5126 1186 5172 elur
1210 5129 1295 5172 contra
1318 5136 1377 5172 eum
1402 5123 1532 5171 scalentes
1555 5122 1686 5184 liliumque
1707 5123 1779 5171 illins
1797 5135 1873 5184 reguo

250 5213 350 5274 prinure
373 5213 506 5274 cupientes
528 5212 675 5260 monachum
700 5227 758 5261 cunr
782 5213 909 5260 iecerunt:
936 5213 991 5272 ipse
1015 5225 1093 5258 sunna
1117 5226 1131 5258 a
1153 5211 1228 5271 guilla
1245 5216 1375 5259 reuertens
1393 5212 1477 5258 3333133
1495 5210 1576 5257 nilum
1595 5222 1670 5257 33331
1687 5209 1754 5257 chart
1771 5225 1787 5257 a
1805 5209 1874 5256 libris

251 5297 393 5345 1333313333
413 5296 556 5345 Marcellino
667 5297 812 5360 33133313
913 5298 1006 5345 alatum
1025 5296 1065 5343 1³⁶
1178 5296 1352 5344 3131333333
1371 5296 1427 5358 MP,
1447 5295 1619 5344 nicnnlumL
1722 5289 1873 5362 amiserunt]

251 5383 402 5446 perurens
505 5381 589 5451 exitu]
607 5383 701 5432 arva
804 5380 917 5450 3333333]
935 5370 1026 5444 univ,
1047 5386 1155 5432 romnus
1175 5383 1210 5429 rr

254 5542 353 5548 ——
360 5542 515 5548 .——-.-
871 5538 1873 5547 ————-—-——..—.—.—.----.—

340 5643 362 5707 l)
382 5646 413 5692 ab
430 5645 524 5694 Italicis
542 5646 666 5693 militibus
682 5645 742 5693 olim
760 5659 817 5693 cnm
835 5642 915 5691 (13133
932 5644 1023 5692 comite
1041 5643 1146 5691 Arcadio
1163 5644 1248 5692 3313313
1267 5642 1437 5692 Marcellinus.

331 5744 452 5787 lorraarrrs.
1651 5744 1669 5792 6
