4246 6082
931 303 1099 360 ROMANA.
1785 306 1821 369 31

202 493 369 557 concessit.
410 492 574 559 Hiberiam
597 492 745 559 similiter
766 513 837 559 cum
859 494 977 559 Artace
999 514 1076 578 rege
1097 495 1131 559 in
1154 493 1350 559 deditionem
1373 493 1509 579 excepit.
1550 493 1728 558 Saracenos
1746 493 1829 558 Ara-
1847 494 1909 557 235

202 594 324 677 basque
362 615 543 680 exuperans
579 595 824 661 Hierosolimam
857 597 978 663 Iudeae
1012 597 1197 683 captivavit.
1256 616 1327 663 curn
1361 598 1469 663 Persis
1509 596 1623 662 foedus
1663 615 1827 681 percusso.

202 705 365 765 revertens
392 698 590 765 Dafnensem
620 718 734 782 agrum
764 700 971 766 Antiochenis
1003 700 1162 767 concessit
1195 701 1236 766 ob
1266 700 1397 766 nimiam
1426 700 1489 766 loci
1516 699 1744 766 amoenitatem
1772 718 1829 784 pro

202 821 333 866 munere
345 804 382 882 ¹).
1847 820 1860 861 1

10 914 83 957 noma
96 919 116 965 a,
134 919 191 965 ua
290 903 350 969 His
380 911 412 970 et
439 904 514 969 aliis
544 906 639 971 rebus
667 905 700 970 in
731 905 826 990 Syria
854 907 937 972 bene
967 906 1069 989 gestis
1098 906 1192 971 unius
1223 904 1366 973 foedavit
1394 904 1541 970 avaritia.
1587 925 1662 969 nam
1692 905 1828 970 Crassus
1847 907 1908 968 236

202 1007 331 1088 consul,
363 1005 438 1071 dum
468 1007 615 1073 Parthico
644 1008 747 1073 inhiat
776 1029 872 1091 auro,
906 1008 1056 1075 undecim
1085 1010 1230 1093 legiones
1260 1029 1342 1094 pene
1372 1028 1443 1073 oum
1477 1027 1536 1073 suo
1569 1007 1674 1092 capite
1707 1007 1825 1073 amisit.

81 1124 148 1164 «10-
165 1109 293 1175 ncuius
316 1117 487 1194 conspectu
511 1118 543 1176 et
563 1110 648 1176 filius
671 1111 842 1177 hostilibus
864 1112 938 1178 telis
960 1114 1152 1178 effossus-et
1175 1112 1245 1196 ipsc
1268 1117 1453 1196 peremptus
1474 1116 1634 1195 caputque
1649 1109 1719 1175 eius
1733 1129 1829 1194 prae-

201 1212 302 1277 cisum
332 1232 404 1278 curn
434 1212 567 1279 dextera
597 1235 692 1281 manu
715 1215 757 1280 ad
779 1236 888 1299 regern
911 1222 1105 1300 reportatum
1129 1215 1303 1280 ludibrium
1326 1215 1386 1279 fuit
1406 1234 1510 1297 neque
1532 1213 1681 1296 indigno:
1715 1233 1827 1278 aurum

202 1314 287 1380 enim
317 1315 473 1398 liquidum
501 1317 535 1382 in
565 1317 676 1382 rictum
707 1319 770 1383 oris
800 1319 941 1383 intusum
972 1325 1038 1398 est,
1072 1325 1108 1382 ut
1138 1319 1229 1384 cuins
1252 1318 1379 1383 animus
1401 1321 1525 1381 arserat
1546 1315 1616 1380 auri
1639 1315 1823 1400 cupiditate,

201 1417 272 1483 eius
301 1418 398 1483 etiarn
428 1425 586 1484 mortuum
615 1427 647 1485 et
675 1440 841 1503 exsangue
867 1440 983 1505 eorpus
1005 1441 1083 1485 auro
1106 1428 1260 1486 ureretur.
1309 1419 1424 1503 reliqui
1446 1439 1521 1484 vero
1544 1418 1682 1483 infelicis
1704 1418 1829 1483 exeroi-
1849 1438 1878 1479 ro

199 1527 270 1602 tus,
303 1541 365 1604 quo
388 1542 546 1606 quemquo
568 1523 677 1607 rapuit
699 1523 795 1608 iuga,
824 1524 859 1589 in
880 1523 1064 1589 Armeniam
1087 1523 1241 1589 Celiciam
1264 1523 1455 1608 Syriamque
1479 1520 1625 1587 distracti
1649 1520 1703 1585 vix
1725 1519 1828 1585 cladis

199 1630 308 1689 tantae
330 1625 475 1690 nuntium
498 1626 686 1690 retulerunt.

50 1721 191 1816 {lfffgssql
290 1727 360 1790 llac
381 1747 457 1810 ergo
480 1727 573 1793 olade
589 1727 698 1801 Parthi
721 1727 818 1793 altius
839 1728 963 1794 animos
978 1729 1144 1794 elevantes
1159 1748 1217 1812 per
1230 1728 1384 1793 Pacorum
1399 1726 1513 1792 ducem
1529 1725 1656 1810 Syriam
1672 1725 1829 1792 invadunt
1846 1727 1907 1789 237

202 1827 378 1912 ducemque
409 1829 597 1911 Labiuium,
633 1851 728 1914 quem
762 1831 882 1896 dudum
913 1837 1081 1917 ceperant,
1119 1830 1273 1896 exercitui
1307 1837 1540 1915 praeponentes
1570 1836 1681 1894 contra
1710 1829 1824 1911 socios,

200 1930 234 1996 id
270 1939 321 1997 est
355 1933 515 1997 Romanos
550 1932 585 1997 in
621 1933 741 2018 proelio
778 1933 932 2018 dirigunt.
982 1935 1041 2000 sed
1077 1932 1248 2000 Ventidius
1285 1934 1407 1998 Bassus
1443 1933 1560 1997 Persas
1596 1932 1656 1997 sub
1693 1937 1827 2014 utroque
1849 1950 1878 1990 re

199 2032 281 2099 duce
296 2028 423 2118 Syriam
445 2035 637 2119 populantes
659 2043 825 2120 superatos
848 2037 972 2119 effugat
986 2037 1217 2120 Labiniumque
1239 2035 1409 2116 interfecit,
1434 2036 1590 2101 Pacorum
1612 2055 1688 2099 vcro
1703 2034 1827 2118 regium

198 2136 347 2202 iuvenem
369 2137 443 2202 telis
466 2137 609 2220 undique
637 2139 883 2224 circumseptum
911 2139 1049 2204 extinxit
1077 2159 1214 2223 moxque
1244 2144 1342 2223 caput
1371 2136 1441 2203 eius
1471 2137 1600 2221 dempto
1631 2144 1663 2202 et
1691 2136 1828 2201 circum-

198 2239 264 2304 lato
290 2259 348 2324 per
376 2241 473 2306 urbes
501 2260 564 2323 que
597 2240 792 2307 disciverant
820 2241 949 2326 Syriam
983 2242 1053 2307 sine
1087 2243 1173 2308 bello
1207 2241 1338 2326 recepit.
1387 2240 1434 2306 sio
1464 2240 1669 2306 Crassianam
1702 2238 1828 2304 cladem

126 2357 184 2399 nro.
199 2342 368 2408 Ventidius
396 2342 509 2409 Pacori
538 2350 635 2428 caput
665 2343 854 2426 Labiniique
883 2351 983 2410 morte
1013 2345 1172 2429 pensavit.
1201 2344 1214 2429 ll
1241 2364 1301 2410 neo
1331 2344 1377 2410 sio
1406 2350 1572 2409 contentus
1602 2343 1741 2427 populus
1763 2342 1828 2407 Ro-
1846 2345 1908 2406 238

96 2460 148 2502 aar.
164 2463 316 2509 ramanus
345 2445 516 2512 Crassiano
547 2445 675 2512 interitu
705 2446 851 2513 oblivisci
878 2447 942 2514 nisi
971 2447 1078 2512 adhuc
1107 2447 1211 2512 saevit
1239 2446 1273 2512 in
1295 2445 1441 2511 Parthos.
1475 2448 1487 2530 ll
1516 2465 1591 2509 nam
1613 2445 1740 2509 Marcus
1762 2445 1830 2508 An·
1848 2448 1911 2509 230

199 2548 305 2613 tonius
326 2548 360 2614 in
381 2548 556 2614 Madianea
584 2549 750 2631 ingressus
780 2555 890 2614 contra
919 2569 974 2615 eos
997 2570 1088 2614 arma
1110 2549 1297 2630 commovit,
1332 2549 1388 2614 ubi
1418 2548 1555 2632 primum
1578 2567 1633 2614 eos
1656 2565 1823 2632 superans,
1847 2564 1875 2608 tr

199 2650 335 2733 dehinc,
372 2670 443 2717 curn
478 2651 603 2719 duabus
632 2652 815 2736 legionibus
841 2652 951 2718 inedia
980 2652 1150 2736 hiemeque
1180 2658 1347 2736 corruptus
1376 2652 1430 2716 vix
1457 2651 1491 2715 in
1520 2649 1674 2716 Armenia
1702 2650 1830 2714 Parthis

126 2754 408 2835 assequentibus
437 2754 521 2836 fugit
550 2754 660 2837 ibique
690 2762 818 2839 ereptus
851 2761 911 2821 cst.
970 2756 1030 2821 snb
1059 2756 1205 2838 Augusto
1239 2754 1356 2821 dehinc
1386 2754 1564 2820 Octaviano
1592 2753 1724 2818 Armeni
1757 2772 1829 2817 curn
1848 2757 1910 2819 240

198 2856 324 2922 Parthis
354 2857 514 2922 commixti
537 2877 594 2942 per
616 2857 788 2924 Claudium
811 2858 985 2924 Caesarem
1008 2864 1157 2942 nepotem
1180 2858 1319 2942 Augusti
1341 2857 1431 2924 ocius
1454 2863 1656 2942 superantur.
1696 2855 1828 2921 Armeni

199 2958 227 3024 si
242 2958 371 3042 quidem
387 2960 498 3025 utilius
513 2960 574 3024 rati
591 2961 803 3027 Romanorum
820 2961 970 3028 amicitiis
993 2961 1194 3029 reconciliari
1217 2969 1250 3027 et
1271 2961 1416 3046 proprias
1439 2959 1534 3026 sedes
1556 2958 1706 3042 incolere,
1732 2978 1829 3042 quam
1848 2977 1880 3021 aa

199 3080 270 3126 curn
293 3062 421 3127 Parthis
444 3062 603 3128 coniuncti
625 3069 656 3129 et
680 3065 776 3130 sedes
798 3064 933 3149 perdere
956 3072 989 3130 et
1011 3067 1171 3130 Romanos
1194 3064 1329 3130 infestos
1351 3064 1482 3129 habere.

127 3181 186 3223 rore.
287 3164 341 3230 Sic
373 3185 499 3249 quoquc
533 3165 609 3231 dum
642 3167 675 3231 in
708 3168 854 3251 partibus
883 3167 1087 3233 orientalium
1116 3168 1279 3233 Romanus
1311 3167 1436 3233 laborat
1464 3164 1641 3247 exercitus,
1674 3162 1830 3231 occiduae
1849 3170 1907 3229 241

10 3282 78 3325 rara·
92 3285 112 3332 1,
129 3284 159 3333 ra
173 3286 186 3327 1
201 3267 319 3350 plagae
347 3267 456 3333 infesti
479 3274 562 3333 sunt.
592 3269 605 3354 Η
630 3269 739 3334 Norici
761 3268 797 3333 in
818 3269 957 3354 Alpibus
979 3269 1106 3335 Noricis
1128 3269 1311 3336 habitantes
1338 3268 1529 3346 credebant,
1561 3266 1654 3351 quasi
1676 3266 1711 3332 in
1733 3285 1830 3353 rupes

199 3377 233 3435 et
260 3370 352 3436 nives
382 3371 502 3436 bellum
532 3391 595 3435 non
622 3377 736 3456 posset
757 3370 950 3438 ascendere:
985 3372 1043 3438 sed
1065 3392 1139 3437 mox
1162 3391 1272 3438 omnes
1295 3371 1385 3437 illius
1408 3370 1549 3436 cardinis
1571 3371 1707 3454 populos
1727 3371 1831 3435 Bren-

198 3491 256 3537 nos
285 3473 487 3554 Teutoniosb
528 3473 654 3539 Cennos
687 3481 784 3556 atque
816 3474 1018 3558 Vendilicos,
1054 3495 1113 3560 per
1145 3475 1258 3541 eodem
1292 3475 1428 3541 Claudio
1461 3474 1633 3540 Gaesarem
1667 3474 1830 3539 Romanus
1849 3496 1880 3536 uo

138 3605 158 3634 e.
173 3596 186 3634 ⁵
199 3575 278 3642 vicit
298 3575 470 3642 exercitus.
516 3597 600 3661 quae
622 3584 730 3643 tamen
752 3576 849 3643 fuerit
870 3578 1062 3663 Alpinarum
1084 3579 1230 3662 gentium
1252 3577 1382 3659 feritas,
1412 3576 1508 3643 facile
1531 3582 1582 3643 est
1603 3577 1656 3642 vel
1678 3596 1737 3660 per
1758 3596 1830 3640 mu-

199 3678 295 3744 lieres
318 3678 502 3764 ostendere,
535 3700 619 3765 quae
642 3679 866 3746 deficientibus
889 3681 964 3747 telis
987 3681 1128 3749 infantes
1152 3701 1227 3747 suos
1250 3680 1395 3746 adflictos
1425 3680 1515 3746 humi
1542 3680 1576 3746 in
1606 3699 1663 3745 ora
1691 3679 1829 3744 militum

140 3810 159 3840 ο.
174 3801 186 3841 c
200 3781 338 3847 adversa
359 3783 525 3848 miserunt.
557 3784 570 3869 ll
599 3804 660 3849 nec
686 3784 825 3850 minores
848 3784 900 3850 his
922 3785 1060 3850 saevitia
1081 3785 1174 3870 Illyri
1200 3785 1320 3869 pariter
1342 3783 1571 3849 accenduntur.
1618 3788 1729 3847 contra
1749 3799 1829 3864 quos
1847 3786 1910 3846 242

139 3914 159 3944 0.
174 3904 186 3944 r
200 3883 271 3968 ipse
292 3884 459 3968 Augustus
482 3907 500 3953 e
521 3885 627 3952 vicino
650 3905 801 3972 egressus
823 3894 971 3973 pontem,
997 3887 1083 3954 unde
1104 3906 1208 3970 aquas
1230 3887 1390 3970 transiret,
1415 3884 1485 3951 fieri
1506 3884 1688 3969 imperavit.
1735 3883 1829 3948 dum-

287 4232 311 4278 H
322 4232 345 4279 P
359 4233 411 4280 VL
431 4233 561 4294 Frcculfuc
581 4238 605 4293 1,
627 4235 650 4291 ⁷,
673 4236 687 4280 7
709 4232 733 4294 (5
753 4235 831 4283 uulua
848 4258 883 4269 —-
903 4233 934 4282 10
953 4235 1089 4296 ureretur).
1107 4260 1143 4270 —
1162 4232 1228 4283 Mar.
1247 4248 1274 4294 p.
1289 4219 1352 4280 234ὁ
1370 4248 1393 4281 v.
1412 4229 1444 4280 20
1463 4233 1552 4280 saevit.

290 4387 298 4435 1
321 4386 485 4435 deditioncl'
588 4387 717 4451 accepitL
786 4428 788 4432 .
817 4389 992 4438 sarracenosL
1096 4388 1110 4437 3
1129 4389 1278 4436 amoenitate
1292 4386 1338 4434 PV
1440 4385 1524 4435 5hils
1536 4386 1562 4432 11
1665 4382 1828 4453 doudecim]

201 4472 267 4519 uude
284 4486 340 4519 cum
360 4473 391 4534 H,
413 4474 448 4520 xii
469 4474 535 4522 lice.
642 4475 754 4522 ammisit
771 4474 845 4522 HPV
947 4475 962 4523 'l
981 4470 1100 4541 ellossns]
1125 4475 1173 4536 VL,
1195 4475 1287 4522 edesus
1305 4459 1375 4532 1112,
1395 4473 1487 4521 olloana
1506 4471 1543 4519 P·
1646 4472 1662 4522 8
1680 4469 1829 4538 ludibrium]

200 4557 280 4618 HPV,
300 4559 408 4606 ludibrio
428 4558 448 4605 L
461 4559 547 4606 Florus
650 4560 755 4618 indigne
774 4558 797 4607 L
901 4558 917 4607 9
936 4555 1074 4626 liquidum]
1092 4561 1224 4620 iudignum
1242 4560 1263 4607 V
1367 4556 1397 4607 10
1416 4557 1571 4617 exsangulue
1589 4557 1611 4606 L
1717 4556 1744 4606 11
1766 4571 1829 4620 quo-

200 4658 307 4705 cumque
325 4643 346 4690 L
449 4645 533 4704 lugam
553 4645 573 4691 L
677 4646 788 4693 umenia
807 4646 874 4693 PVL
979 4641 1102 4712 cellolam]
1119 4645 1173 4706 ΗΡ,
1194 4647 1299 4694 ciliciam
1316 4644 1357 4691 VL
1464 4641 1495 4692 13
1514 4643 1584 4705 patbi
1597 4642 1671 4690 HPV
1773 4645 1830 4692 aui·

200 4744 267 4779 mum
287 4730 308 4778 L
427 4729 457 4780 11
476 4736 609 4794 coeperant
626 4730 699 4778 HPV
820 4731 851 4781 16
869 4732 947 4780 duces
966 4731 989 4778 P
1102 4739 1250 4794 superantes
1269 4732 1296 4777 H
1411 4727 1442 4779 18
1461 4725 1625 4794 dlecluerant]
1644 4729 1673 4788 L,
1694 4729 1830 4777 disciderat

201 4816 273 4864 HPV
373 4819 439 4875 syria
457 4816 503 4864 Pv
607 4816 638 4865 20
656 4819 775 4865 interitus
793 4818 816 4866 L
920 4816 950 4866 21
972 4817 1101 4865 madianea
1120 4816 1158 4865 L:
1177 4816 1297 4865 biadaaua
1315 4815 1399 4878 italica
1509 4814 1541 4864 22
1559 4812 1682 4881 armenia]
1699 4814 1828 4874 HlilPVL

200 4901 231 4950 23
251 4904 326 4963 fugiit
346 4903 368 4950 P
476 4898 591 4969 ereptus]
609 4909 726 4965 receptus
745 4903 767 4950 L
883 4901 916 4952 21
934 4905 1095 4952 commixtum
1115 4903 1136 4950 L
1249 4898 1388 4968 claudium]
1406 4903 1519 4950 similiter
1537 4900 1621 4961 Rasna
1737 4899 1769 4949 27
1788 4915 1827 4949 ro-

200 5002 285 5036 manos
303 4987 370 5035 HP‘
491 4987 524 5038 20
543 4985 632 5060 norici]
650 5002 721 5037 norae
738 4991 781 5050 qul
800 4989 858 5038 libri
972 4985 1057 5056 quasi]
1074 4990 1134 5050 qula
1151 4989 1171 5036 al
1191 4988 1213 5035 L
1327 4989 1353 5034 iu
1372 5001 1448 5048 rupes
1467 4983 1505 5054 et]
1523 4984 1567 5047 Pi,
1588 4989 1718 5049 inruperat
1736 4986 1792 5034 HP¹
1799 4988 1826 5047 V,

200 5073 395 5137 intemperatia
499 5073 532 5122 29
550 5077 631 5122 orunis
649 5074 706 5123 libri
810 5076 917 5137 populus
935 5074 1007 5121 HVL
1111 5075 1222 5122 brennus
1241 5073 1263 5120 L
1375 5072 1408 5122 30
1427 5073 1557 5121 toutouius
1575 5072 1632 5121 libri
1737 5073 1828 5120 uendi-

200 5156 275 5227 llcoa]
291 5159 348 5208 libri
446 5157 556 5226 claudio]
575 5161 656 5220 gladio
673 5161 730 5209 libri
834 5160 867 5209 33
884 5156 965 5227 illyri]
982 5159 1039 5222 ΗΡ,
1060 5159 1146 5220 hylllri
1161 5159 1188 5222 V,
1209 5159 1248 5206 illi
1265 5158 1287 5205 L
1384 5158 1555 5206 ascenduntur
1573 5159 1595 5206 L
1699 5157 1733 5207 34
1750 5172 1828 5219 augus

200 5246 271 5294 HPV
374 5252 464 5310 pontes
483 5245 505 5293 L
609 5246 715 5295 transire
734 5245 808 5293 HPV

288 5505 311 5567 1)
331 5506 431 5554 rediens
448 5507 514 5568 apud
534 5505 692 5554 Antiochiam
710 5505 889 5568 Daphnemem
906 5505 990 5552 lucum
1009 5503 1147 5552 delectatus
1165 5504 1212 5552 loci
1229 5504 1380 5552 amoenitate
1401 5540 1452 5554 ...
1473 5505 1629 5553 consecrarit
1646 5504 1739 5566 1111011.

287 5591 310 5652 21
333 5592 469 5640 Teutonlos
486 5605 539 5641 noa
556 5591 625 5640 tebet
643 5592 739 5641 Florus.
