4246 6082
133 1646 189 1689 mu.
290 1629 443 1710 Romani,
477 1637 511 1694 ut
540 1629 586 1694 ait
608 1630 797 1709 Iamblicus,
830 1630 928 1694 armis
955 1636 988 1694 et
1008 1628 1135 1712 legibus
1158 1636 1352 1695 exercentes,
1366 1631 1474 1695 orbem
1497 1636 1601 1696 terrae
1625 1651 1717 1697 suum
1740 1633 1864 1699 fece-ii

199 1737 287 1795 runt:
322 1731 420 1796 armis
448 1731 474 1796 si
504 1730 633 1815 quidem
663 1728 923 1813 construierunt,
957 1731 1084 1814 legibus
1114 1737 1222 1797 autem
1253 1732 1535 1798 conservaverunt.
1582 1735 1665 1816 quod
1694 1741 1727 1800 et
1749 1756 1820 1819 ego,

198 1853 337 1916 sequens
360 1833 610 1901 eruditissimum
633 1835 755 1916 virum,
789 1833 864 1899 dum
894 1834 1004 1917 aliqua
1029 1833 1069 1898 de
1093 1852 1187 1899 cursu
1209 1841 1387 1918 temporum
1410 1835 1549 1901 scribere
1572 1837 1733 1918 delibero,
1766 1859 1825 1904 ne-

197 1937 371 2001 cessarium
398 1935 477 2001 duxi
503 1938 656 2021 opusculo
683 1958 754 2004 meo
782 1938 871 2003 velut
900 1936 1026 2019 insigne
1049 1935 1210 2018 quoddam
1233 1943 1452 2003 ornamentum
1475 1960 1682 2024 praeponere.
1730 1941 1823 2025 cupio

197 2059 334 2123 namque
356 2039 399 2105 ad
419 2039 679 2123 inquisitionibus
696 2041 792 2106 amici
806 2040 999 2123 fidelissimi,
1026 2060 1066 2105 ex
1084 2039 1221 2106 diversis
1236 2041 1453 2106 voluminibus
1468 2042 1622 2107 maiomm
1637 2043 1823 2128 praelibans
1843 2066 1856 2103 a

196 2142 306 2225 aliqua
327 2142 461 2208 floscula
482 2164 539 2227 pro
561 2149 657 2227 captu
679 2142 801 2227 ingenii
823 2143 887 2209 mei
910 2142 943 2207 in
965 2163 1062 2207 unum
1086 2142 1235 2226 redigere
1258 2151 1291 2209 et
1311 2144 1345 2208 iu
1368 2144 1496 2210 modum
1520 2146 1735 2211 storiunculac
1756 2154 1823 2212 tam

197 2266 351 2312 annorum
382 2246 485 2313 seriae
515 2255 611 2328 quam
641 2247 738 2312 etiam
767 2267 875 2312 eorum
906 2248 1061 2327 viromm,
1095 2247 1151 2329 qui
1173 2246 1297 2312 fortiter
1317 2247 1351 2312 in
1374 2267 1408 2313 re
1430 2247 1561 2332 publica
1582 2249 1820 2332 laboraverunt,

197 2357 290 2433 gesta
324 2349 456 2416 strictim
490 2349 692 2431 breviterque
725 2350 897 2432 collegere.
945 2348 1031 2432 quod
1063 2349 1211 2430 quamvis
1246 2349 1436 2434 simpliciter
1468 2371 1538 2416 reor
1570 2350 1690 2416 dictum
1721 2352 1860 2418 viderit

197 2450 407 2533 doctissimis,
439 2459 566 2535 gratum
595 2459 704 2518 tamen
726 2452 793 2517 fore
816 2452 953 2517 aestimo
976 2451 1207 2534 mediocribus,
1241 2452 1317 2517 dum
1340 2459 1373 2518 et
1393 2453 1506 2518 brevia
1529 2452 1599 2518 sinc
1622 2454 1752 2520 fastidio
1774 2456 1823 2520 le-

196 2560 275 2637 gant
304 2560 336 2619 et
362 2554 430 2620 sine
457 2554 565 2637 aliquo
593 2554 666 2620 luco
695 2555 865 2620 verborum
892 2574 975 2637 quae
1006 2554 1226 2619 lecticaverint
1249 2555 1398 2619 sentiant.
1446 2556 1488 2620 ab
1517 2555 1673 2639 originem
1704 2557 1823 2623 etenim
1845 2579 1872 2619 ro

196 2656 281 2722 orbis
302 2657 468 2741 primaque
490 2658 650 2724 creatione
672 2663 737 2722 tam
760 2655 897 2722 bominis
919 2676 1015 2739 quam
1038 2657 1267 2721 elementomm
1291 2663 1323 2722 et
1344 2676 1445 2740 usque
1468 2658 1553 2723 orbis
1575 2664 1679 2725 terrae
1702 2657 1822 2726 diluvio

196 2759 371 2825 secundum
400 2761 542 2827 veredici
569 2760 763 2843 legislatoris
792 2760 891 2825 verba
919 2759 1022 2824 Mosei
1052 2761 1116 2825 duo
1131 2800 1133 2804 -
1146 2758 1238 2823 milia
1266 2759 1421 2825 ducentos
1450 2760 1666 2845 quadraginta
1697 2770 1730 2828 et
1759 2762 1822 2829 duo

195 2882 297 2929 annos
319 2864 520 2947 collegimus.
558 2863 592 2928 in
614 2863 731 2947 quibus
753 2863 847 2928 annis
868 2861 975 2927 adbuc
996 2862 1068 2927 rudi
1090 2869 1122 2927 et
1144 2861 1283 2947 simplici
1305 2861 1470 2928 bominum
1492 2870 1607 2930 natura
1628 2884 1691 2930 non
1712 2885 1818 2950 reges,

196 2967 255 3032 sed
276 2965 471 3032 familiarum
494 2966 600 3051 capita
622 2986 680 3031 suo
703 2966 736 3030 in
758 2985 877 3050 genere
900 2970 1000 3031 eraut.
1048 2985 1183 3048 quorum
1205 2972 1313 3031 tamen
1336 2964 1414 3031 ordo
1437 2966 1659 3034 huiuscemodi
1683 2967 1753 3034 luit.
1842 2992 1871 3032 ιι

54 3087 85 3130 er.
100 3087 183 3130 aaa
281 3068 387 3133 Adam
408 3068 623 3153 protoplastus
645 3069 829 3153 primusque
852 3067 1033 3133 mortalium
1056 3067 1137 3133 vixit
1159 3087 1261 3133 annos
1283 3086 1397 3134 ccxxx
1419 3075 1452 3135 et
1473 3070 1585 3154 genuit
1606 3070 1697 3136 Seth.
1840 3077 1860 3138 8

282 3171 360 3237 Seth
383 3171 464 3237 vixit
485 3192 538 3236 an.
564 3190 629 3236 ccv
651 3178 683 3236 et
704 3170 816 3254 genuit
837 3171 935 3238 Eoos.

281 3276 367 3340 Enos
389 3281 496 3340 autem
519 3274 602 3338 vixit
622 3294 675 3339 an.
702 3293 767 3340 cxc
790 3279 822 3339 et
843 3274 955 3357 genuit
978 3273 1113 3340 Cainan.

283 3378 404 3444 Cainan
426 3376 504 3443 item
527 3376 607 3441 vixit
628 3397 682 3441 an.
708 3395 798 3442 ccxx
820 3384 852 3443 et
873 3377 985 3462 genuit
1007 3377 1193 3444 Malalebel.

283 3480 454 3546 Malelehel
476 3480 557 3545 vixit
578 3501 631 3545 an.
658 3498 747 3546 ccxv
770 3486 802 3546 et
823 3480 935 3565 genuit
955 3480 1075 3546 Iareth.

282 3583 389 3648 lareth
411 3603 486 3648 vero
509 3583 590 3649 vixit
611 3605 665 3648 an.
690 3602 782 3650 cnxn
805 3589 837 3649 et
859 3584 971 3667 genuit
992 3584 1114 3649 Enoch.

281 3686 391 3752 Enoch
412 3707 487 3751 vero
510 3686 591 3752 vixit
613 3708 665 3752 an.
691 3705 781 3753 ccxv
804 3694 837 3752 et
857 3686 970 3770 genuit
991 3687 1187 3752 Mathusala.

281 3789 464 3854 Mathusala
485 3789 566 3854 vixit
586 3810 639 3854 an.
665 3808 782 3855 cuxvu
805 3795 838 3854 et
859 3789 971 3871 genuit
993 3789 1145 3855 Lamech.

281 3892 421 3958 Lamech
443 3912 568 3975 quoque
590 3892 672 3957 vixit
692 3912 746 3956 an.
772 3908 951 3957 cnxxxvm
974 3897 1006 3956 et
1027 3893 1139 3974 genuit
1160 3893 1241 3958 Noe.

279 3995 351 4060 Noe
375 4015 450 4060 vero
479 4003 701 4060 sexcentomm
729 4001 798 4060 orat
820 4014 993 4075 annorum,
1031 3995 1160 4077 quando
1183 3993 1341 4059 diluvium
1363 3993 1474 4059 mundi
1496 3992 1719 4059 crudelissima
1741 3993 1860 4066 saci-9

194 4118 272 4165 nora
294 4098 447 4182 expiavit.
494 4118 514 4162 a
537 4099 627 4163 cuius
649 4097 804 4181 regimine
827 4097 879 4161 vel
897 4096 943 4160 ab
965 4096 1037 4180 ipso
1060 4096 1181 4164 diluvio
1204 4116 1306 4181 usque
1327 4096 1370 4161 sd
1390 4096 1609 4162 confusionem
1624 4095 1818 4180 linguamm,
1842 4122 1873 4164 aa

194 4221 256 4284 que
289 4202 365 4265 item
398 4201 438 4267 ob
467 4200 593 4266 delecta
620 4199 858 4266 aedificantium
887 4207 1006 4265 turrem
1036 4199 1123 4265 facta
1150 4206 1199 4266 est
1228 4200 1263 4265 in
1290 4220 1412 4287 campo
1434 4200 1617 4282 Sennabar,
1657 4206 1690 4265 et
1720 4218 1822 4284 usque

193 4304 320 4385 Hebar,
349 4302 382 4366 in
404 4322 466 4385 quo
488 4302 686 4370 Hebreomm
708 4321 811 4387 genus
834 4309 867 4367 et
888 4301 1000 4386 lingua
1021 4303 1129 4388 prisca
1150 4303 1313 4385 remansit,
1340 4303 1417 4386 quia
1440 4303 1554 4368 necin
1576 4303 1634 4368 illa
1656 4301 1822 4388 conspira-

194 4406 280 4473 tione
302 4403 456 4487 interfuit,
483 4412 557 4470 sunt
578 4406 655 4470 anni
677 4423 773 4470 oxxv
796 4424 854 4489 per
875 4403 1018 4469 familias
1040 4404 1098 4471 sic.

282 4692 392 4767 Pus(

282 4863 293 4912 1
313 4864 410 4911 romaul
427 4877 454 4911 u.
475 4879 497 4912 e.
518 4878 540 4912 a.
560 4864 636 4911 semis
654 4867 681 4910 et
699 4865 726 4911 in
743 4864 820 4911 litura
844 4863 865 4908 V
966 4862 1087 4911 amblicus
1110 4863 1137 4922 V,
1157 4865 1298 4912 lamblicius
1317 4862 1342 4923 S,
1363 4865 1501 4914 iamblitlus
1520 4865 1543 4912 P
1651 4862 1666 4912 2
1685 4869 1821 4912 constrixe-

192 4947 300 4998 runtP‘
403 4945 550 5015 liuslgns]
568 4947 671 5009 signes
775 4949 839 4996 iad
852 4944 1072 5014 inquisitionibus]
1088 4947 1133 5007 PS,
1148 4949 1179 4996 ad
1192 4950 1407 5011 inquisitionesV
1510 4950 1523 4997 7
1544 4953 1608 4999 serie
1621 4949 1648 5009 S,
1664 4949 1789 4998 sedsmV

192 5036 385 5098 rempublicam
402 5033 440 5081 VS
544 5029 711 5101 Scollegere]
730 5032 779 5094 PS,
799 5034 955 5094 colligeraV
1058 5034 1144 5082 nidere
1157 5034 1198 5082 PS
1304 5034 1335 5084 10
1353 5033 1460 5103 etslne]
1478 5037 1570 5084 sosine
1584 5033 1626 5113 ΙΡΙ,
1646 5036 1823 5095 etsluepotim

194 5135 269 5183 qnam
287 5122 353 5169 etsiu
372 5117 412 5168 1²2
520 5120 620 5180 origlns
643 5119 682 5167 VS
805 5117 831 5167 11
854 5119 970 5167 homines
989 5119 1024 5166 1²⁰
1146 5121 1271 5168 diluulum
1294 5120 1315 5167 V
1454 5121 1485 5171 12
1502 5123 1638 5171 duoceutos
1656 5121 1705 5183 ΡΒ,
1726 5135 1753 5169 cc
1770 5119 1792 5166 V

193 5203 253 5273 duo]
275 5206 323 5266 Ps,
343 5208 406 5256 duos
429 5206 449 5252 V
561 5203 591 5253 13
610 5219 692 5253 arruus
710 5204 745 5253 1²⁶
849 5205 991 5265 colligimus
1014 5206 1052 5254 VS
1157 5204 1189 5254 14
1206 5205 1389 5255 huiuscemodo
1407 5207 1431 5255 P
1535 5208 1565 5257 15
1582 5207 1632 5257 sfir'r
1651 5206 1689 5254 vel
1706 5207 1738 5255 ab
1756 5205 1824 5254 HPs

190 5294 351 5354 plenamque,
377 5305 455 5341 annos
478 5292 662 5354 Vplensmpne,
689 5291 764 5338 annis
781 5288 803 5337 L
819 5290 981 5353 plerumque:
1004 5304 1049 5338 nos
1068 5293 1095 5340 in
1113 5289 1204 5338 talliae
1222 5290 1312 5338 librum
1328 5294 1465 5354 principem
1486 5292 1531 5355 (bic
1549 5293 1577 5353 P,
1598 5293 1711 5354 deinceps
1729 5293 1762 5356 Π)
1783 5306 1824 5340 a·

191 5381 324 5439 paslmus
443 5377 473 5427 17
492 5382 515 5424 et
532 5375 645 5436 deinceps
659 5360 711 5425 off
726 5381 749 5425 et
768 5375 816 5437 geri
832 5388 876 5435 per
893 5375 1065 5436 compendium
1084 5375 1106 5423 P
1223 5374 1262 5424 18.
1286 5374 1317 5425 19
1341 5375 1487 5445 malelehel]
1511 5379 1568 5426 libri
1585 5393 1643 5428 eam
1660 5378 1778 5440 Prospero
1801 5382 1825 5425 et

194 5463 298 5512 mucoso
312 5465 361 5525 lp.
375 5462 474 5512 mei.
493 5456 651 5529 (Μαλελεήλ)
761 5462 792 5512 19
811 5468 838 5510 at
855 5457 954 5527 genuit]
973 5460 1051 5521 οἶσθ
1154 5458 1197 5509 20.
1211 5459 1241 5509 21
1263 5461 1342 5509 enoch
1359 5462 1458 5512 enocP
1560 5462 1603 5512 21.
1618 5462 1651 5512 22
1669 5463 1826 5512 matheusela

194 5548 334 5598 mathusala
346 5550 373 5610 Β,
394 5549 516 5596 matusala
528 5547 650 5596 matusala
668 5547 696 5610 V,
716 5549 840 5598 matusala
858 5547 978 5594 matusala
991 5546 1020 5608 P,
1040 5545 1083 5597 τὸν
1102 5539 1265 5597 Meteonem
1285 5547 1403 5596 Eusebiw
1507 5549 1539 5598 24
1558 5546 1695 5616 dilunlum]
1717 5548 1765 5610 VS,
1785 5549 1825 5597 dl·

193 5635 311 5686 luuloP
412 5633 446 5685 26
464 5629 599 5703 senneber]
616 5634 644 5695 S,
664 5634 802 5684 seneuelrsr
820 5632 850 5696 P,
871 5645 976 5681 sennam
998 5632 1020 5679 V
1121 5631 1154 5682 28
1172 5627 1255 5699 cxxv]
1274 5634 1338 5681 lun
1360 5633 1382 5680 V

1576 5733 1613 5786 ¹4
