4246 6082
308 293 367 355 130
613 331 617 337 .
1024 286 1202 344 lORDANlS

213 478 286 544 LIV
308 480 521 545 accersientes
544 499 613 543 cum
638 478 739 543 Edico
762 485 794 543 et
809 477 974 543 Hnnuulie
997 499 1107 543 eemm
1129 477 1320 562 primatibus
1343 477 1524 542 habuerunt
1546 477 1641 541 simul
1662 497 1778 543 secum
1795 485 1874 542 tam
1893 473 1969 538 Ge·

304 581 399 666 pidas
421 602 516 664 qnam
541 602 581 645 ex
604 589 700 664 gente
717 583 878 664 Rugosum
902 600 964 644 non
988 601 1089 664 parva
1111 580 1241 658 solacia,
1268 579 1447 661 ceterisque
1470 580 1544 645 hinc
1566 580 1642 645 inde
1658 580 1813 645 collectis
1829 579 1969 661 ingen-

222 685 283 748 278
306 690 371 749 tem
393 685 631 749 multitudinem
654 684 872 767 adgregantes
895 683 938 747 ad
960 704 1086 748 amnem
1103 683 1196 748 Bolia
1217 683 1250 746 in
1267 682 1440 746 Pannoniis
1464 690 1570 747 castra
1585 683 1696 748 metati
1711 689 1803 747 sunt.
1851 678 1966 744 Gothi

303 794 378 851 tunc
400 787 570 851 Valamere
593 786 744 851 defuncto
767 785 809 849 ad
832 785 962 850 fratrem
985 787 1054 850 eins
1077 785 1266 850 Thiudimer
1294 784 1515 867 confugerunt.
1563 787 1619 868 qni
1641 785 1794 867 quamvis
1819 783 1964 849 dudum

304 908 376 966 eum
399 888 551 953 fratribus
573 909 730 972 regnans,
764 897 870 953 tamen
894 888 1044 952 auctioris
1068 887 1236 971 potestatis
1258 887 1399 969 insignia
1422 906 1568 967 sumens,
1595 888 1741 952 Vidimer
1764 887 1879 951 fratre
1906 886 1999 949 iu=s

303 991 392 1056 niere
414 991 515 1055 accite
539 998 664 1055 etcum
687 991 759 1074 ipse
782 1010 874 1055 curas
898 990 975 1055 belli
999 991 1150 1074 partitus,
1185 996 1314 1053 coaetus
1337 989 1380 1052 ad
1402 1009 1493 1052 arma
1515 990 1687 1074 prosilivit:
1723 998 1962 1071 consertoque

302 1094 425 1178 proelio
454 1094 600 1177 superior
629 1113 703 1176 pars
733 1093 893 1157 invenitur
923 1093 1116 1157 Gothorum.
1150 1091 1232 1156 adeo
1263 1099 1297 1156 ut
1313 1111 1459 1180 ¹campus
1490 1092 1688 1157 inimicorum
1719 1090 1960 1157 corruentium

304 1215 413 1260 cruore
436 1195 638 1259 madefactus
662 1202 696 1259 ut
719 1196 847 1259 rubrum
870 1195 1007 1279 pelagus
1030 1202 1201 1279 appareret
1216 1215 1368 1276 armaque
1384 1200 1417 1258 et
1432 1194 1592 1259 cadavera
1606 1195 1640 1258 in
1656 1195 1787 1259 modum
1806 1193 1958 1259 collium

221 1300 283 1361 279
307 1298 466 1362 tumulata
488 1317 636 1380 eampum
659 1299 732 1381 plus
756 1317 812 1380 per
834 1297 946 1361 decem
968 1287 1101 1361 milibus
1124 1297 1345 1380 oppleverunt.
1393 1297 1479 1378 quod
1494 1296 1592 1362 Gothi
1615 1304 1795 1375 cernentes,
1822 1296 1958 1361 ineffa-

304 1399 363 1463 bili
387 1400 584 1464 exultatiene
607 1401 776 1481 laetantur,
803 1399 946 1481 eoquod
971 1407 1003 1464 et
1024 1400 1111 1481 regis
1134 1400 1184 1462 sui
1199 1398 1380 1462 Valameris
1403 1400 1592 1481 sanguinem
1617 1406 1649 1464 et
1671 1419 1761 1463 suam
1785 1399 1954 1464 iniuriam
1982 1423 2012 1463 rs

305 1521 376 1565 cum
400 1502 540 1565 maxima
561 1501 761 1566 inimieorum
784 1508 892 1584 strage
914 1501 1153 1566 ulciscerentur.
1203 1502 1244 1565 de
1265 1520 1341 1565 vero
1362 1500 1598 1565 innumeranda
1613 1502 1764 1583 variaque
1789 1502 1955 1567 multitu-

306 1602 381 1668 dine
404 1604 541 1668 hostium
565 1605 619 1685 qui
643 1604 744 1668 valuit
766 1603 914 1681 evadere,
941 1624 1159 1688 perquoquam
1184 1603 1318 1686 effugati
1347 1603 1400 1666 vix
1422 1603 1465 1667 ad
1488 1623 1547 1667 sua
1561 1604 1689 1686 inglorii
1707 1610 1950 1687 pervenerunt.

140 1706 198 1771 LV
220 1709 282 1770 280
391 1706 467 1770 Post
488 1706 607 1770 certum
632 1727 707 1771 vero
729 1716 858 1790 tempus
879 1706 1014 1771 instanti
1034 1705 1169 1770 hiemali
1191 1705 1309 1788 frigore
1332 1725 1522 1786 amnemque
1540 1706 1682 1770 Danubii
1704 1706 1797 1770 solite
1817 1726 1953 1789 conge-

304 1809 369 1872 lato
392 1847 434 1854 -
456 1830 529 1872 nam
553 1808 734 1874 istiusmodi
763 1809 881 1873 fluvius
910 1809 967 1873 ille
998 1809 1209 1891 congelascit,
1245 1808 1334 1872 utin
1358 1808 1456 1871 silicis
1478 1807 1608 1872 medum
1632 1807 1814 1892 pedestrem
1839 1809 1952 1881 vehat

305 1911 480 1975 exercitum
504 1912 711 1995 plaustraque
735 1920 767 1976 et
789 1911 929 1976 traculas
952 1911 1004 1975 vel
1027 1910 1184 1993 quidquid
1206 1910 1346 1975 vehiculi
1368 1910 1478 1989 fuerit,
1505 1929 1564 1974 nee
1588 1911 1772 1975 cumbarum
1788 1910 1949 1994 indigeat
1972 1937 2005 1977 rs

225 2030 230 2037 ·
304 2012 481 2077 lintres-
505 2014 550 2078 sic
580 2034 657 2096 ergo
686 2034 761 2078 eum
789 2013 932 2096 gelatum
963 2013 1149 2077 Thiodimer
1178 2012 1354 2077 Gothorum
1384 2032 1438 2076 rex
1470 2031 1604 2076 cernens
1634 2013 1817 2096 pedestrem
1848 2013 1949 2078 ducit

304 2115 479 2179 exercitum
515 2135 709 2196 emensoque
739 2114 887 2178 Danubio
919 2113 1035 2178 Suavis
1068 2114 1250 2198 inprovisus
1279 2135 1299 2177 a
1328 2121 1416 2196 terge
1446 2115 1606 2197 apparuit.
1654 2136 1726 2179 nam
1756 2116 1848 2198 regio
1881 2116 1947 2180 illa

304 2217 484 2303 Suavornm
507 2217 548 2281 ab
572 2218 695 2282 oriente
719 2217 873 2281 Baibares
896 2216 1004 2295 habet,
1038 2217 1079 2281 ab
1101 2215 1267 2280 occidente
1289 2217 1440 2280 Francos.
1467 2236 1487 2279 a
1509 2218 1643 2283 meridie
1667 2219 1941 2301 Burgundzenes,

221 2323 279 2384 281
306 2339 327 2382 a
349 2320 564 2402 septentrione
588 2320 781 2401 Thuringes.
826 2317 942 2400 quibus
966 2318 1084 2382 Suavis
1106 2326 1181 2383 tunc
1203 2319 1301 2382 iuncti
1325 2319 1458 2383 aderant
1488 2319 1584 2383 etiam
1607 2321 1777 2385 Alamanni
1807 2321 1944 2404 ipsique

303 2421 406 2505 Alpes
428 2428 551 2485 erectos
573 2423 701 2486 omnine
724 2429 891 2504 regentes,
927 2421 1011 2485 unde
1041 2420 1195 2485 nonnulla
1217 2420 1338 2485 fluenta
1360 2420 1544 2484 Danubium
1573 2421 1711 2488 influunt
1738 2424 1839 2488 nimie
1863 2444 1942 2488 cnm
1964 2447 1998 2490 aa

305 2541 385 2586 sonu
408 2523 587 2605 vergentia.
635 2524 687 2588 hic
710 2543 786 2606 erge
808 2523 978 2603 taliterque
1001 2523 1124 2587 munito
1148 2524 1217 2587 lece
1240 2543 1296 2588 rex
1313 2522 1500 2588 Thiudimer
1522 2524 1639 2590 hiemis
1653 2534 1797 2608 tempere
1812 2526 1943 2591 Getho-

303 2645 373 2688 rum
397 2624 540 2689 dnctavit
562 2626 757 2706 exercitum,
785 2632 903 2690 ettam
928 2626 1106 2690 Suaverum
1128 2633 1225 2708 gente
1248 2646 1343 2708 quam
1367 2626 1463 2690 etiam
1486 2627 1754 2706 Alamannorum,
1782 2636 1941 2711 utrasque

303 2728 346 2792 ad
370 2728 507 2793 invicem
530 2728 729 2807 foederatas,
755 2727 892 2808 devicit,
919 2728 1058 2792 vastavit
1080 2734 1112 2792 et
1134 2748 1218 2811 pene
1241 2728 1378 2810 subegit.
1426 2728 1501 2793 inde
1524 2750 1649 2812 quoque
1671 2730 1773 2794 victor
1794 2730 1837 2794 ad
1860 2750 1942 2815 pre-

303 2831 390 2915 prias
413 2832 526 2910 sedes,
553 2831 587 2895 id
610 2838 660 2896 est
681 2829 864 2895 Pannonias
887 2838 1051 2895 revertens
1074 2829 1308 2895 Theodericum
1331 2829 1431 2894 filium
1455 2851 1564 2907 sunm,
1590 2853 1685 2915 quem
1708 2832 1973 2898 Constantine-²

302 2933 401 3016 polim
423 2934 569 2999 obsidem
593 2934 737 3014 dederat,
763 2954 784 2997 a
799 2934 906 2999 Leone
929 2933 1121 3017 imperatore
1143 2932 1312 2997 remissum
1336 2953 1406 2996 eum
1426 2935 1552 3016 magnis
1568 2936 1753 3000 muneribus
1768 2943 1941 3018 gratanter
1960 2959 1993 3002 as

218 3041 280 3104 282
303 3035 440 3119 excepit.
478 3037 534 3117 qui
549 3035 766 3101 Theodericus
780 3036 846 3100 iam
862 3035 1095 3100 aduliscentiae
1110 3054 1211 3099 annos
1234 3035 1423 3118 contingens
1445 3036 1576 3120 expleta
1597 3038 1745 3120 pueritia,
1771 3038 1938 3102 decernet

390 3278 416 3323 H
430 3278 452 3323 P
468 3278 520 3324 VA
536 3277 629 3324 ΟΒΧ
643 3279 675 3338 (Υ
686 3279 726 3337 Ζ).
766 3276 863 3325 Paulus
881 3278 903 3328 i.
925 3278 956 3328 Β.
980 3281 1021 3339 15,
1042 3279 1074 3326 12
1096 3277 1138 3339 (od
1155 3278 1171 3325 4
1190 3280 1378 3339 confugerunt).

391 3412 401 3460 1
422 3413 627 3484 arcessientesA
765 3411 902 3480 hunuulfe]
924 3415 1029 3462 bunulie
1048 3415 1079 3476 A,
1110 3416 1199 3463 unulie
1221 3414 1265 3462 OB
1403 3428 1486 3462 secum
1504 3412 1569 3481 tam]
1587 3422 1696 3463 secutam
1716 3417 1760 3463 ΧΖ
1780 3417 1840 3476 (nen
1864 3417 1895 3477 Υ)

301 3499 405 3559 gepidas
423 3494 511 3564 quam]
528 3498 674 3559 gepidarum
693 3505 743 3546 tam
766 3501 816 3559 (sic)
832 3501 856 3546 Χ
861 3500 900 3546 ΥΖ
1039 3499 1054 3548 2
1073 3513 1105 3548 ex
1122 3496 1210 3565 gente]
1230 3499 1306 3557 ΒΧΥ,
1329 3501 1445 3560 exigente
1466 3499 1496 3560 0,
1517 3508 1591 3560 gente
1610 3500 1689 3560 HPV,
1711 3507 1735 3550 et
1753 3506 1853 3561 gentem
1875 3503 1898 3549 A

300 3598 417 3632 rueerum
435 3584 509 3632 HPV
620 3591 765 3648 ceterosque
784 3586 809 3635 h.
827 3588 847 3637 i.
869 3586 983 3634 collectos
1004 3587 1070 3646 (·tus
1091 3584 1134 3646 0⁶)
1159 3585 1180 3632 0
1294 3586 1308 3632 3
1328 3582 1438 3651 amnem]
1456 3588 1539 3633 abnen
1560 3585 1581 3632 0
1694 3583 1772 3652 belia]
1789 3588 1880 3635 boliam
1900 3588 1931 3649 Β,

300 3670 430 3719 belianiO
533 3670 694 3733 pannonisO
798 3671 950 3720 dualamire
973 3671 1029 3734 ΟΧ,
1049 3673 1188 3720 uuslamiro
1205 3671 1237 3732 Β,
1259 3673 1378 3719 ualamire
1397 3673 1429 3733 A,
1448 3672 1568 3720 uelamine
1592 3672 1614 3718 Υ
1713 3673 1855 3721 theodemar
1877 3673 1931 3734 ΟΒ,

301 3757 439 3804 theudimer
456 3758 488 3818 X,
508 3754 648 3806 theodimir
672 3758 721 3820 ΥΖ,
742 3757 866 3806 teudemir
884 3760 907 3805 A
1027 3753 1181 3823 bragnans]
1199 3771 1305 3817 regnum
1325 3757 1379 3814 ΧΖ,
1400 3772 1504 3817 regnum
1524 3759 1650 3806 tenuisset
1673 3758 1695 3804 Υ
1801 3755 1935 3824 auctioris]

300 3843 402 3906 ΛΒΧΥ,
424 3845 531 3892 auctoris
549 3842 629 3904 HPV,
651 3845 752 3892 actieris
774 3846 808 3904 (ut
826 3842 889 3904 oid.)
913 3841 957 3903 0⁶,
979 3844 1073 3892 altioris
1095 3829 1128 3890 0⁶
1250 3845 1351 3903 insigna
1372 3844 1393 3891 O
1509 3843 1638 3891 sumenP
1758 3843 1879 3891 uidimeri
1900 3843 1930 3905 0,

244 3912 249 3919 ³
299 3931 437 3978 uuidimeri
456 3930 488 3991 Β,
509 3929 616 3977 uidemir
634 3930 656 3975 A
760 3930 854 3977 iuniori
872 3928 895 3975 B
1010 3928 1071 3977 bet
1088 3924 1156 3994 eum]
1175 3943 1233 3977 cum
1252 3934 1278 3975 et
1296 3929 1329 3990 X,
1349 3943 1404 3976 oum
1424 3929 1447 3975 A
1563 3935 1648 3977 reatus
1669 3929 1690 3976 0
1793 3925 1933 3995 prosiliuit]

298 4015 400 4063 HPOX
406 4017 430 4075 Y,
451 4015 567 4078 prosiluit
585 4014 650 4061 VAB
767 4014 867 4074 lgeth.
889 4017 943 4062 inu.
965 4017 988 4062 A
1091 4018 1150 4061 ente
1169 4027 1230 4063 cerr.
1252 4015 1329 4063 litura
1347 4014 1409 4060 ΧΥΙ
1424 4013 1475 4090 [οἱα
1493 4015 1541 4063 tut.
1562 4015 1584 4061 Β
1697 4013 1855 4063 deumulata
1873 4013 1898 4060 B

299 4101 357 4161 plns
375 4115 420 4164 per
439 4102 523 4148 decem
543 4097 656 4165 milibus]
674 4113 720 4161 per
739 4100 823 4148 decem
843 4100 912 4147 milia
931 4099 1009 4159 ΧΥΖ,
1029 4101 1087 4162 plns
1105 4099 1192 4147 decem
1211 4100 1315 4147 milibus
1335 4099 1382 4146 ΑΒ
1512 4098 1542 4148 10
1561 4096 1602 4166 ee]
1620 4114 1652 4148 aa
1671 4099 1709 4146 V‘
1835 4105 1862 4148 et
1880 4113 1930 4149 om.

299 4186 370 4234 AOB
509 4200 578 4245 reges
600 4185 621 4232 Ο
759 4182 812 4251 sui]
837 4187 859 4233 si
880 4185 901 4233 0
1040 4187 1183 4233 uallsmerla
1203 4186 1237 4244 Β,
1265 4186 1433 4233 ualamlrisA
1574 4184 1601 4234 11
1627 4182 1747 4251 maxims]
1770 4188 1879 4234 maximo
1897 4186 1930 4248 Χ,

299 4286 388 4332 magna
410 4272 429 4318 Υ
550 4272 714 4319 ulcisceretur
734 4273 755 4320 O
775 4324 781 4341 x
876 4271 907 4318 de
925 4285 985 4318 uere
1003 4272 1182 4319 innumerabili
1201 4271 1255 4331 ΧΥ,
1276 4271 1308 4319 de
1325 4270 1503 4319 innumerabili
1521 4271 1622 4319 uereA
1746 4271 1776 4321 12
1795 4273 1933 4320 ualuernnt

298 4359 345 4406 AB
483 4352 664 4422 perquaqnam]
687 4371 831 4418 perqesque
851 4358 888 4418 A,
919 4370 968 4406 em.
991 4357 1035 4405 ΟΒ
1173 4353 1229 4423 sua]
1255 4355 1385 4418 ΑΟΒΧΥ,
1415 4370 1485 4404 suam
1504 4356 1578 4404 ΒΡΥ
1713 4357 1842 4417 inglererii
1859 4356 1935 4404 ΗΡΥ

300 4442 331 4492 13
350 4456 409 4490 uero
428 4449 523 4490 certum
542 4443 565 4489 Β
686 4443 801 4491 hiemsali
822 4444 843 4491 0
965 4457 1089 4503 amneque
1108 4442 1203 4491 ΑΒΧΥ
1330 4441 1361 4491 ts
1379 4443 1423 4490 ille
1442 4438 1603 4508 congelascit]
1620 4444 1657 4491 ita
1674 4444 1823 4502 megaleseit
1842 4444 1874 4504 A,
1895 4445 1933 4491 ita

298 4530 397 4590 riglscit
417 4530 447 4590 0,
467 4531 504 4576 ita
520 4529 624 4589 rigescit
642 4515 684 4590 13⁶,
705 4530 742 4578 ita
759 4530 863 4590 gigescit
882 4527 919 4575 Βο
1023 4525 1110 4594 utin]
1128 4531 1156 4576 in
1174 4530 1201 4576 in
1222 4529 1252 4591 Χ,
1274 4534 1303 4577 ut
1322 4530 1345 4576 A
1449 4528 1507 4577 neh.
1528 4542 1569 4577 ex.
1591 4529 1649 4591 ped.
1672 4528 1810 4591 (pedestres
1832 4528 1863 4589 0)
1886 4529 1932 4577 OB

299 4615 329 4665 15
350 4611 471 4680 traculas]
489 4614 607 4662 triseulas
629 4613 681 4673 ΟΒ,
703 4616 812 4674 tragulas
832 4616 886 4677 ΧΥ,
907 4615 1019 4664 mahulas
1038 4616 1061 4662 A
1207 4616 1284 4662 fuerit
1302 4628 1328 4663 n.
1349 4629 1371 4663 c.
1394 4615 1484 4676 (symb.
1511 4614 1536 4674 Υ,
1558 4616 1632 4663 eimb.
1655 4615 1686 4671 A]
1708 4616 1824 4674 indigeat
1840 4615 1932 4662 lintres

300 4703 383 4760 [lintre
402 4702 432 4765 Β,
454 4701 574 4748 lintribus
589 4696 635 4765 A)]
652 4703 733 4749 intres
751 4701 837 4750 medita
854 4704 950 4749 emissis
967 4701 988 4748 Υ
1092 4700 1123 4750 16
1142 4701 1277 4749 theodimir
1297 4699 1326 4761 O,
1347 4700 1491 4749 theudemer
1508 4701 1538 4752 Β,
1559 4701 1696 4748 theudimir
1719 4701 1767 4761 ΥΖ,
1789 4699 1933 4749 theudimer

296 4789 327 4849 X,
350 4788 509 4836 teodemirA
615 4800 659 4834 rex
678 4787 783 4846 gethA
888 4787 958 4844 ducit
976 4788 1064 4836 em.O
1170 4785 1199 4835 11
1221 4787 1309 4834 suecis
1327 4788 1349 4833 A
1454 4801 1467 4833 a
1490 4787 1511 4839 ie
1526 4787 1555 4845 P)
1576 4795 1644 4846 tergo
1662 4783 1733 4852 app]
1750 4802 1809 4849 app.
1830 4800 1844 4833 a
1862 4790 1932 4846 terge

296 4875 344 4922 ΧΥ
448 4873 479 4923 18
498 4887 630 4922 suenorum
651 4873 672 4919 A
777 4869 902 4939 baibarea]
921 4872 1070 4934 ΒΡΥΧΥΖ,
1092 4873 1217 4921 baiobaros
1238 4875 1303 4931 ]·rns
1318 4872 1361 4933 0⁰)
1384 4872 1437 4932 OB,
1459 4874 1580 4920 baioarios
1599 4873 1622 4919 A
1726 4868 1933 4938 burgundzones]

295 4958 423 5019 ΒΡΥΧΥ,
443 4959 633 5019 burgundiones
653 4945 745 5019 AOB⁶,
765 4960 937 5019 burgundinea
956 4959 994 5006 Β*
1118 4958 1148 5006 19
1167 4959 1286 5006 tierincos
1307 4958 1423 5019 (ataid.)
1449 4956 1477 5017 0,
1499 4958 1629 5019 thoringos
1648 4959 1701 5018 ΒΥ,
1721 4959 1831 5018 toringos
1850 4957 1898 5004 ΑΧ

296 5045 425 5093 sneuisA
563 5040 657 5109 iuncti]
681 5045 790 5093 iniuncti
809 5045 858 5091 ΧΥ
993 5046 1068 5092 etiam
1093 5060 1141 5094 om.
1163 5045 1185 5090 A
1324 5039 1460 5109 alamanni]
1487 5044 1613 5092 alemanni
1637 5044 1675 5103 Β,
1704 5044 1835 5092 ademundi
1861 5042 1933 5089 ΧΥΖ

295 5129 327 5179 20
347 5136 442 5177 erectas
462 5131 515 5192 AB,
536 5133 638 5179 effectes
659 5130 727 5177 ΧΥΖ
829 5125 980 5195 danubium]
1000 5129 1174 5191 HPVAXYZ,
1193 5130 1304 5177 danubio
1325 5127 1369 5176 OB
1477 5128 1508 5177 21
1532 5126 1607 5195 sonu]
1625 5129 1704 5190 HPV,
1725 5143 1785 5178 sena
1805 5127 1850 5190 A‘,
1872 5141 1933 5176 aeno

295 5203 390 5275 A⁶OB,
412 5217 494 5264 sonitu
508 5217 576 5263 ΧΥΖ
681 5230 731 5278 que
750 5216 835 5264 em.B
940 5216 1073 5264 theodimir
1093 5215 1122 5276 0,
1144 5217 1292 5265 theodemar
1308 5215 1338 5273 Β,
1361 5213 1501 5262 theudimer
1521 5215 1578 5277 ΧΖ,
1597 5216 1733 5263 theodimir
1758 5214 1784 5277 Υ,
1804 5214 1932 5263 teudemir

295 5304 318 5350 A
437 5300 470 5349 22
489 5317 622 5350 suenorum
642 5303 665 5349 A
770 5297 857 5367 gente]
875 5300 956 5363 HPV,
977 5307 1078 5362 gentem
1098 5301 1217 5350 ΑΟΒΧΥ
1319 5295 1519 5365 alamannorum]
1538 5303 1569 5362 A,
1590 5302 1776 5349 alemannorum
1795 5300 1826 5363 B,
1847 5301 1933 5349 alano·

293 5404 350 5438 rum
370 5387 536 5434 ΒΡΥΟΧΥΖ
639 5395 746 5450 utraque
764 5386 801 5434 1Νι
915 5386 948 5436 24
967 5389 1123 5437 thodericum
1144 5389 1188 5436 OB
1293 5383 1386 5453 const]
1404 5389 1432 5434 in
1450 5394 1529 5436 censi.
1554 5386 1575 5434 0
1684 5384 1717 5433 25
1736 5386 1853 5435 obsedem
1875 5384 1897 5432 0

293 5476 430 5524 remissum
452 5471 596 5527 (demissum
617 5475 668 5537 ΧΖ,
690 5475 821 5522 dimissum
846 5473 875 5534 Υ)
897 5488 953 5522 cnm
973 5470 1081 5539 magnis]
1099 5475 1142 5521 rel.
1163 5479 1186 5520 et
1207 5471 1248 5536 0²,
1270 5475 1516 5522 remisasssasssas
1539 5471 1571 5520 0¹
1702 5471 1734 5521 26
1752 5467 1866 5538 excepit]
1885 5485 1931 5520 ex·

293 5563 394 5624 cipiunt
414 5557 446 5619 0,
466 5559 558 5619 recepit
577 5559 600 5604 Χ
606 5560 645 5605 ΥΖ
