4246 6082
869 304 1099 403 nnoonurvu.
1199 401 1201 406 ,
1632 384 1634 389 .
1747 345 1796 410 XI

172 572 302 640 Arelate
332 575 477 640 Arverna
505 570 679 637 Aureliana
708 571 870 654 Bituriges
897 572 1015 636 Tolosa
1037 571 1177 653 Vienna,
1211 570 1403 635 Germaniae
1426 590 1523 636 unum
1546 568 1791 653 Mogontiacum,

169 694 292 779 Illyrici
323 692 531 759 occidentalis
552 690 741 757 Vindobona
771 698 803 756 et
828 691 979 756 Salonas.
1026 692 1060 755 in
1090 690 1183 755 ltalia
1212 697 1318 755 autem
1348 690 1486 774 demptis
1514 691 1554 755 iis
1585 690 1681 770 locis,
1715 708 1794 770 quos

170 834 276 880 rernm
306 812 444 879 narratio
473 818 602 897 propter
629 811 752 896 proelia
780 811 965 892 similesque
995 830 1047 877 res
1077 815 1187 892 gestas
1217 810 1337 875 evitare
1366 810 1454 874 nullo
1484 811 1577 876 modo
1607 808 1727 895 potuit,
1761 813 1796 873 ut

172 941 246 999 sunt
267 931 454 1011 Consentia,
489 931 647 1012 Dertona,
680 932 795 996 Forum
819 931 908 1013 Iulii,
942 931 1124 1009 Placentia,
1158 929 1333 1010 Pollentia,
1369 930 1523 1011 Vulsiuii,
1556 930 1631 996 item
1661 947 1795 1012 quorum

172 1053 289 1119 mentio
310 1052 347 1118 tit
367 1051 402 1116 in
424 1049 642 1117 debellatione
659 1050 834 1117 Gothorum
858 1072 915 1136 per
930 1050 1121 1115 Belisarium
1145 1051 1324 1115 enarranda
1347 1051 1527 1135 Syracusae
1551 1051 1686 1133 Regium
1708 1049 1796 1114 Nea-

111 1215 114 1223 ·
171 1173 253 1258 polis
275 1171 410 1237 Perusia
431 1170 627 1253 Ariminum,
658 1191 741 1256 quae
763 1171 871 1236 omnia
893 1170 996 1235 obiter
1018 1190 1121 1252 neque
1145 1170 1212 1235 ulla
1234 1171 1461 1255 explanatione
1483 1170 1596 1236 addita
1618 1188 1797 1235 memoran-

170 1300 230 1373 tur,
256 1291 398 1375 quinque
420 1297 543 1357 tantum
566 1292 661 1356 urbes
684 1297 816 1374 restant,
843 1290 883 1354 de
906 1290 1020 1372 quibus
1043 1291 1152 1374 paullo
1175 1291 1356 1355 accuratius
1370 1290 1524 1355 Iordanes
1541 1289 1667 1367 scribat,
1696 1290 1796 1353 Roma

172 1412 312 1494 scilicet,
345 1410 464 1477 deinde
485 1410 650 1492 Ticinum,
685 1412 743 1476 sed
773 1418 807 1476 ut
837 1431 877 1475 ne
907 1409 966 1474 hoc
996 1410 1124 1491 quidem
1149 1410 1324 1475 Gothorum
1354 1411 1488 1494 scriptor
1517 1409 1659 1475 enuntiet
1689 1408 1797 1474 sedern

170 1532 271 1597 fuisse
301 1551 414 1614 regum
440 1531 632 1611 Gothorum,
668 1530 746 1596 item
777 1529 991 1595 Mediolanum
1031 1529 1200 1612 ‘Liguriae
1234 1530 1419 1614 metropolis
1451 1535 1484 1594 et
1516 1528 1676 1613 quondam
1710 1527 1799 1611 regia

171 1652 295 1731 *urbs',
334 1650 474 1734 denique
503 1651 657 1715 Ravenna
687 1649 778 1733 regia
807 1650 900 1730 urbs,
934 1657 969 1715 nt
998 1650 1057 1730 ait,
1090 1657 1122 1716 et
1150 1650 1301 1732 Aquileia
1333 1649 1534 1734 ‘metropolis
1562 1649 1795 1729 Venetiarum',

172 1773 285 1837 harum
308 1770 443 1837 duarum
467 1770 563 1836 situm
586 1776 618 1835 et
639 1768 789 1834 viciniam
811 1789 868 1854 pro
890 1789 925 1834 re
948 1768 1120 1852 diligenter
1142 1790 1306 1835 enarrans.
1349 1790 1432 1852 quae
1455 1770 1561 1835 omnia
1583 1770 1701 1855 optime
1724 1789 1800 1834 con-

173 1891 305 1957 veniunt
326 1889 496 1956 Iustiniani
518 1890 645 1955 subdito
669 1888 789 1954 homini
810 1889 844 1954 in
867 1888 990 1954 Moesia
1012 1887 1159 1972 degenti;
1193 1911 1268 1955 nam
1292 1891 1447 1955 Ravenna
1476 1911 1538 1956 non
1569 1891 1673 1956 miuus
1702 1892 1825 1971 quaml

173 2009 464 2095 Constantinopolis
485 2009 580 2076 sedes
595 2009 721 2094 imperii
736 2009 806 2091 fuit,
832 2009 982 2092 Aquileia
997 2017 1103 2074 autem
1119 2010 1291 2094 provinciis
1307 2011 1373 2076 illis
1388 2017 1551 2093 tamquam
1567 2017 1658 2095 porta
1672 2009 1798 2075 Italiae.

172 2151 213 2196 cx
236 2132 411 2196 Ravennae
440 2130 529 2196 urbis
559 2129 774 2214 descriptione
804 2129 832 2193 si
861 2130 1001 2194 eluceret
1030 2136 1191 2194 auctorem
1220 2150 1290 2194 cam
1319 2130 1458 2213 vidisse,
1492 2130 1535 2195 ad
1564 2129 1800 2195 Cassiodorium

174 2250 277 2334 magis
304 2249 340 2316 id
368 2270 465 2332 quam
494 2251 539 2317 ad
560 2234 731 2316 Iordanem
754 2249 962 2314 referremus:
996 2256 1029 2314 at
1050 2256 1174 2315 tantum
1197 2249 1304 2327 abest,
1338 2257 1373 2315 ut
1394 2249 1429 2315 id
1452 2251 1594 2331 eluceat,
1629 2256 1664 2315 ut
1686 2270 1703 2314 e
1726 2269 1801 2313 con-

173 2369 270 2436 trario
292 2371 355 2436 duo
378 2378 524 2437 auctores
550 2378 651 2437 testes
673 2370 810 2435 citantur
832 2388 943 2434 carum
966 2388 1088 2450 rerum,
1118 2368 1291 2450 inquibus
1314 2370 1369 2452 qui
1392 2372 1578 2436 Ravennam
1600 2371 1671 2455 ipsc
1693 2376 1803 2435 nosset

173 2490 261 2555 null'
290 2541 296 2554 .
320 2490 447 2556 omnino
470 2489 683 2555 adhibuisset.
1124 2461 1130 2471 ι

259 2611 328 2676 lam
350 2631 426 2677 vero
449 2609 504 2674 ubi
527 2628 586 2675 nos
608 2609 822 2676 convertimus
844 2609 888 2674 ad
911 2609 1057 2692 regiones
1080 2609 1306 2693 Danuvianas,
1342 2630 1460 2677 scaena
1491 2617 1642 2677 mutatur.
1689 2608 1803 2674 fluvio-

173 2751 243 2796 rum
272 2730 327 2815 qui
350 2731 555 2797 nominantur
576 2731 717 2795 omnium
740 2737 904 2812 tamquam
927 2749 982 2795 rex
1005 2738 1055 2796 est
1076 2730 1243 2796 Danuvius
1267 2739 1299 2797 et
1321 2738 1356 2796 ut
1376 2731 1416 2796 de
1439 2730 1511 2815 ipso
1533 2732 1634 2797 multa
1656 2737 1688 2795 et
1710 2728 1801 2794 varia

174 2857 345 2916 narrantur
373 2851 424 2934 (cf.
450 2851 640 2936 praesertim
667 2852 717 2934 12,
745 2853 795 2913 75.
822 2854 875 2930 55,
894 2852 982 2934 280),
1008 2851 1207 2917 affluentium
1231 2851 1301 2917 eius
1324 2851 1521 2934 aliorumque
1544 2851 1640 2916 huius
1662 2849 1802 2933 regionis

175 2969 317 3036 amnium
340 2970 550 3055 complurium
571 2970 700 3036 nomina
724 2968 937 3036 enuntiantur.
978 2992 1018 3036 ex
1041 2971 1185 3056 partibus
1208 2991 1248 3037 ea
1270 2977 1376 3037 aetate
1394 2977 1485 3037 extra
1500 2972 1669 3057 imperium
1685 2972 1802 3035 Roma-

176 3109 253 3155 num
277 3090 455 3156 constitutis
477 3089 593 3155 notitia
614 3091 736 3156 auctori
759 3098 808 3156 est
829 3090 939 3174 aliqua
961 3090 1132 3176 Scythiae,
1166 3092 1220 3157 ubi
1250 3092 1392 3158 notabile
1422 3099 1473 3158 est
1493 3093 1558 3157 Var
1579 3091 1722 3176 Danapri
1745 3111 1803 3156 vo-

177 3207 324 3274 cabulum
348 3209 529 3276 Hunnicum
557 3211 677 3276 auctori
704 3211 910 3277 intellectum.
958 3219 1125 3297 practerea
1147 3211 1267 3278 liminis
1290 3212 1550 3298 septentrionalis
1572 3210 1664 3277 Ponti
1686 3209 1804 3296 oppida

178 3328 322 3395 Graecae
352 3329 484 3412 originis
511 3329 554 3396 ad
577 3331 812 3416 Trapezuntem
841 3352 943 3415 usquc
973 3340 1102 3417 propter
1125 3333 1160 3398 id
1181 3334 1287 3418 ipsum
1310 3334 1486 3400 admissam
1509 3355 1540 3418 p.
1568 3337 1618 3414 (52,
1647 3338 1677 3397 4.
1704 3335 1755 3413 66,
1782 3336 1801 3394 4

178 3467 242 3512 non
271 3448 478 3531 indiligenter
507 3457 664 3516 recenset.
721 3470 825 3534 neque
853 3451 984 3535 ignotae
1013 3453 1044 3518 ei
1077 3461 1150 3519 sunt
1180 3453 1282 3519 Dacia
1311 3460 1344 3519 ct
1371 3453 1536 3519 Pannonia
1568 3453 1691 3519 scilicet
1722 3456 1811 3536 quae

177 3568 224 3633 ita
245 3567 435 3634 dicebantur
456 3576 563 3635 aetate
585 3568 732 3653 antiqua.
778 3571 955 3638 civitatium
978 3581 1084 3639 autem
1107 3574 1312 3640 nominantur
1333 3574 1487 3659 Scythiae
1509 3574 1693 3658 provinciae
1712 3569 1805 3638 Tomi

178 3695 211 3753 et
232 3687 474 3768 Noviodunum,
500 3690 642 3755 Moesiae
665 3690 826 3757 inferioris
849 3693 1003 3774 Odessus,
1031 3694 1287 3780 Marcianopolis,
1313 3695 1531 3777 Durostomm,
1558 3695 1680 3773 Novae,
1707 3692 1806 3758 Nico-

178 3807 281 3893 polis,
308 3807 467 3887 Abrittns;
500 3808 640 3893 origines
663 3812 842 3877 refemntur
862 3814 1051 3896 Pomorum,
1078 3813 1340 3899 Marcianopolis,
1368 3813 1550 3899 Nicopolis,
1577 3815 1620 3879 ad
1642 3814 1727 3880 hanc
1748 3811 1806 3876 de-

110 3995 113 4001 ,
180 3935 293 4010 gentes
316 3928 413 3994 Gothi
435 3936 582 4013 pastores
605 3938 754 3997 accurate
776 3932 1017 4010 describuntur;
1050 3934 1222 4000 Durostoro
1251 3935 1378 4000 natales
1401 3934 1486 4000 Aetii
1514 3935 1716 4000 vindicantur
1737 3933 1806 3997 loco

179 4049 221 4113 ab
242 4047 312 4131 ipso
335 4054 463 4114 auctore
484 4049 621 4130 inserto,
657 4058 692 4117 ut
714 4050 766 4118 hic
788 4026 973 4137 scriptorem
996 4054 1161 4120 evidenter
1182 4062 1338 4140 appareat
1359 4053 1393 4119 in
1416 4054 1513 4120 rebus
1535 4055 1648 4139 patriis
1670 4051 1804 4119 versari

172 4205 223 4266 1-
245 4167 400 4235 Similiter
419 4175 595 4236 tractantur
610 4171 754 4236 eiusdem
772 4173 965 4253 dioeceseos,
994 4173 1116 4239 scilicet
1131 4174 1350 4258 Thraciamm,
1376 4174 1559 4260 provinciae
1574 4175 1660 4241 aliae
1675 4153 1808 4240 Haemi-

180 4297 323 4373 montus,
350 4289 441 4355 cuius
463 4290 668 4355 nominantur
689 4292 866 4356 Anchialus
889 4301 921 4359 et
943 4293 1209 4378 Hadrianopolis,
1243 4294 1400 4376 Thracia,
1427 4294 1511 4361 unde
1533 4297 1710 4362 afferuntur
1731 4294 1809 4359 Phi-

179 4409 350 4493 lippopolis
373 4416 407 4475 et
428 4411 547 4488 Ber0a3
581 4412 728 4495 Europa,
762 4411 852 4476 cuius
881 4412 1069 4497 oppidorum
1092 4413 1314 4498 Arcadicpolis
1340 4422 1373 4480 et
1394 4416 1495 4500 Bizye
1517 4424 1627 4483 auctor
1649 4415 1804 4499 meminit,

181 4535 216 4593 ut
237 4528 401 4594 mittamus
423 4529 526 4615 ipsam
544 4531 860 4616 Constantinopolim.
903 4532 939 4597 in
961 4533 1012 4599 his
1027 4533 1205 4599 Anchialus
1227 4534 1366 4600 maxime
1388 4536 1569 4603 celebratur
1591 4558 1663 4604 cum
1685 4537 1808 4619 origine

180 4648 284 4714 relata
316 4655 383 4714 tum
417 4650 558 4717 laudatis
587 4651 721 4717 thermis
758 4653 858 4718 ‘inter
885 4654 1009 4736 reliqua
1037 4654 1134 4720 totius
1163 4655 1274 4720 mundi
1303 4654 1497 4721 thermarum
1527 4656 1807 4723 innumerabilium

185 4767 275 4832 ‘loca
296 4768 469 4854 praecipue
492 4771 534 4837 ad
557 4773 727 4839 sanitatem
749 4772 945 4838 infirmorum
969 4773 1216 4840 efficacissimis'
1246 4775 1283 4857 (c.
1303 4779 1354 4858 20,
1377 4778 1462 4860 109).
1503 4777 1642 4860 denique
1660 4799 1700 4843 er
1719 4776 1809 4841 dioc-

181 4886 246 4953 cesi
269 4888 392 4973 Illyrici
410 4890 586 4956 Thracicae
608 4892 715 4958 vicina
737 4900 1023 4960 commemorantur
1043 4896 1076 4958 in
1099 4894 1263 4978 provincia
1285 4896 1426 4962 Moesiae
1448 4896 1591 4963 inferiori
1613 4897 1809 4963 contermina

182 5007 283 5074 Dacia
305 5009 424 5093 ripensi
447 5010 545 5092 Vtus,
579 5011 708 5094 Almus,
741 5013 880 5094 Oescus,
916 5015 1030 5081 Castra
1051 5014 1180 5083 Martis:
1213 5014 1248 5079 in
1270 5015 1372 5081 Dacia
1395 5016 1629 5083 mediterranea
1650 5018 1806 5095 Naissus;

181 5128 215 5193 in
238 5129 404 5195 Dardania
426 5129 540 5195 Castra
561 5131 726 5212 Herculis3
753 5133 786 5198 in
808 5134 931 5200 Moesia
954 5136 1117 5219 superiore
1140 5134 1372 5218 Singidunum
1402 5138 1437 5201 in
1460 5136 1557 5203 Savia
1579 5137 1756 5204 Bassianac
1779 5146 1812 5204 et

182 5248 350 5318 Sirmium:
384 5250 417 5315 in
440 5250 628 5317 Macedonia
651 5253 892 5333 Thessalonica,
919 5255 1072 5339 Cyrrhus,
1098 5256 1200 5337 Pella,
1226 5256 1382 5340 Europus,
1409 5257 1570 5338 Methone,
1597 5259 1721 5343 Pydna,
1747 5260 1810 5325 Bc-

182 5388 275 5451 roea,
310 5370 410 5450 Dius,
445 5371 479 5435 in
501 5371 672 5437 Thessalia
694 5372 853 5439 Heraclea
882 5381 914 5439 et
944 5374 1085 5440 Larissa.
1134 5376 1269 5441 ulterius
1299 5396 1362 5441 non
1391 5377 1488 5444 habet
1518 5379 1581 5445 nisi
1611 5379 1809 5444 Athenarum

183 5486 373 5554 mentionem
397 5491 526 5556 exilem.
565 5492 598 5558 in
621 5492 672 5557 his
695 5493 830 5578 primum
846 5495 987 5560 notabile
1004 5501 1054 5561 est
1069 5495 1154 5579 quod
1170 5496 1211 5562 dc
1226 5496 1349 5561 Castris
1365 5498 1475 5564 Martis
1492 5520 1590 5585 supra
1610 5502 1651 5584 lp.
1670 5500 1724 5581 VI)
1745 5501 1808 5580 ianr

183 5607 424 5693 occupavimus:
453 5633 526 5677 nam
550 5620 615 5678 tres
637 5613 722 5679 viros
745 5635 786 5679 ex
810 5636 848 5680 ca
869 5614 1000 5698 regione
1016 5616 1177 5697 oriundos,
1204 5617 1237 5681 in
1253 5615 1304 5681 his
1320 5618 1531 5684 clarissimum
1547 5620 1661 5686 ducem
1678 5621 1811 5684 Bassam

1565 5741 1584 5793 b
1591 5739 1605 5771 1
