4246 6082
956 320 1124 377 RouAuA.
1811 323 1852 383 25

24 523 105 566 nom
118 525 139 573 ².
153 526 174 573 ι,
188 526 213 567 ³³
227 510 326 575 tebat.
375 509 486 576 Sicilia
515 510 668 576 mandata
689 510 853 575 Marcello.
899 529 959 575 nec
988 509 1043 574 diu
1066 509 1198 575 restitit:
1232 516 1298 576 tota
1320 510 1405 575 enirn
1428 510 1535 574 insula
1556 509 1589 574 in
1612 529 1676 574 nna
1697 509 1775 575 urbe
1798 527 1854 573 su·
1875 508 1934 570 196

226 619 339 696 perata
360 620 421 679 est.
468 613 591 696 grande
613 611 697 678 illud
718 619 752 678 et
766 619 847 677 ante
869 612 904 677 id
926 620 1052 696 tempus
1074 613 1226 679 invictum
1250 620 1346 696 caput
1367 613 1547 697 Syracusae
1569 610 1716 695 quamvis
1739 610 1855 676 Archi-

153 742 173 770 ι.
188 731 212 772 ιι
226 714 329 781 medis
352 714 483 799 ingenio
506 715 765 796 defenderentur,
790 714 964 797 aliquando
987 723 1162 781 cesserunt.
1203 717 1299 799 longe
1320 715 1370 781 illi
1391 715 1509 799 treplix
1531 733 1640 779 murus
1657 714 1853 797 totidemque

226 837 334 898 arces,
367 825 477 903 portus
506 817 563 884 ille
592 837 788 882 marmoreus
818 825 851 883 et
876 818 948 884 fons
978 819 1179 884 caelebratus
1200 819 1399 899 Arethusae,
1430 817 1493 883 nisi
1516 817 1603 900 quod
1624 823 1757 883 actenus
1779 834 1884 902 pro-s

153 948 173 977 ι.
188 938 213 978 ιι
227 920 326 1000 fuere,
352 927 389 987 ut
410 919 641 1005 pulchritudini
664 920 767 986 victae
790 921 878 986 urbis
901 928 1096 1005 parceretur.
1135 921 1318 987 Sardiniam
1334 920 1499 986 Gracchus
1514 919 1659 1004 arripnit.
1699 919 1780 984 nihil
1802 919 1851 984 illi
1873 921 1931 981 191

228 1024 371 1106 gentium
398 1023 508 1090 feritas
531 1023 783 1105 lnsanorumque
811 1059 852 1071 -
883 1044 958 1088 nam
981 1023 1028 1088 sic
1049 1030 1202 1088 vocantur·
1230 1060 1272 1070 —
1302 1023 1486 1089 immanitas
1514 1023 1669 1088 montium
1690 1021 1850 1107 profuere.

227 1125 385 1192 saevitum
407 1127 441 1191 in
463 1126 558 1191 urbes
582 1124 755 1207 urbemque
779 1124 905 1190 urbium
921 1125 1073 1205 Caralim,
1101 1132 1135 1191 ut
1156 1145 1237 1209 gens
1260 1132 1431 1190 contumax
1454 1126 1590 1208 vilisque
1613 1125 1722 1190 mortis
1745 1124 1851 1189 saltim

154 1257 174 1285 e·
188 1245 214 1285 ιι
227 1227 388 1295 desiderio
417 1227 513 1313 patrii
541 1228 601 1293 soli
631 1226 825 1293 domaretur.
871 1226 905 1292 in
934 1227 1088 1312 Spaniam
1117 1249 1192 1293 vero
1222 1228 1313 1293 missi
1337 1228 1447 1294 Gneus
1477 1235 1510 1294 et
1532 1227 1665 1293 Publius
1687 1226 1853 1311 Scipiones
1874 1230 1933 1291 198

106 1371 108 1376 2
227 1352 309 1417 pene
339 1337 438 1398 totam
461 1331 578 1396 Poenis
608 1331 794 1415 eripuerunt
821 1330 1030 1415 provinciam.
1077 1330 1137 1396 sed
1158 1331 1284 1397 insidiis
1308 1330 1448 1397 Punicae
1471 1330 1594 1395 fraudis
1616 1329 1762 1414 oppressi
1784 1349 1854 1394 rur·

227 1453 297 1499 sum
319 1434 504 1516 amiserant,
529 1434 656 1517 magnis
678 1432 809 1515 quidem
831 1432 881 1497 illi
903 1433 1034 1517 proeliis
1057 1453 1128 1498 eum
1151 1433 1288 1501 Punicas
1310 1453 1388 1517 opes
1411 1432 1635 1498 caecidissent.
1675 1431 1733 1497 sed
1755 1431 1854 1497 Puni·
1874 1453 1903 1494 ιι

228 1557 285 1603 cae
308 1537 431 1604 fraudis
453 1537 592 1603 insidiae
615 1537 751 1602 alterum
775 1534 858 1601 ferro
881 1542 1203 1617 castrametantem,
1236 1537 1371 1602 alterum
1402 1556 1474 1601 enm
1498 1533 1658 1600 evasisset
1679 1534 1713 1598 in
1735 1539 1853 1599 turrem

153 1668 173 1698 e.
188 1658 212 1700 ιι
226 1640 364 1706 cinctum
387 1639 512 1706 facibus
533 1646 771 1724 oppresserunt.
811 1639 910 1723 igitur
931 1638 965 1704 in
988 1640 1141 1706 ultionem
1163 1639 1264 1724 patris
1287 1660 1326 1705 ae
1347 1639 1453 1723 patrui
1475 1638 1593 1703 missus
1616 1657 1688 1702 eum
1710 1637 1853 1702 exercitu

153 1771 173 1801 ι.
188 1761 213 1801 oc
227 1742 352 1827 Scipio,
379 1742 431 1808 cui
452 1742 516 1807 iam
539 1741 662 1825 grande
685 1761 800 1806 nomen
823 1741 864 1807 de
886 1741 998 1807 Africa
1020 1742 1088 1808 fata
1110 1742 1336 1823 decreverant,
1366 1741 1566 1808 bellatricem
1587 1741 1679 1805 illam
1699 1739 1778 1805 viris
1800 1761 1854 1804 ar-

227 1845 352 1926 misque
380 1845 520 1911 nobilem
543 1843 715 1928 Spaniam,
749 1844 840 1909 illam
870 1844 1076 1909 seminarium
1106 1844 1230 1910 hostihs
1259 1845 1436 1925 exercitus,
1468 1844 1560 1909 illam
1589 1843 1655 1908 iam
1683 1842 1853 1907 Annibalis

227 1947 431 2014 eruditrieem
453 1985 496 1996 -
517 1946 707 2012 incredibile
734 1947 821 2012 dictu
844 1984 885 1993 -
908 1953 1007 2013 totam
1037 1968 1057 2012 a
1079 1947 1226 2032 Pyrineis
1254 1947 1415 2013 montibus
1443 1946 1477 2012 in
1498 1945 1647 2011 Herculis
1674 1946 1849 2028 columnas,
1874 1969 1903 2008 ιι

155 2080 175 2110 0.
190 2071 215 2111 ιι
228 2050 262 2115 in
292 2050 454 2116 Oceanum
485 2051 699 2134 recuperavit.
745 2049 872 2116 nescias
901 2049 995 2116 citius
1024 2070 1066 2114 an
1095 2049 1235 2116 felicius.
1281 2071 1378 2134 quam
1400 2049 1569 2132 velociter,
1601 2055 1749 2131 quattuor
1776 2049 1854 2114 anni

228 2153 382 2227 fatentur:
411 2172 507 2237 quam
530 2152 637 2234 facile,
663 2153 715 2218 vel
738 2173 802 2218 una
824 2153 939 2219 civitas
962 2153 1092 2238 probat:
1124 2153 1236 2220 eodem
1259 2152 1389 2237 quidem
1412 2172 1474 2236 quo
1497 2152 1632 2218 obsessa
1654 2159 1714 2230 est,
1739 2152 1852 2218 eodem

228 2255 281 2321 die
312 2263 407 2341 capta
436 2263 486 2322 est
513 2276 670 2339 omenque
699 2255 873 2321 Africanae
903 2255 1055 2322 victoriae
1085 2255 1163 2338 fuit,
1195 2257 1280 2339 quod
1308 2263 1374 2322 tarn
1403 2255 1498 2321 facile
1528 2255 1614 2321 victa
1641 2261 1690 2320 est
1712 2254 1854 2339 Spaniae

155 2390 175 2419 ι.
190 2380 215 2420 ιι
229 2359 403 2442 Chartago.
449 2365 570 2424 certum
600 2366 650 2425 est
678 2365 785 2424 tamen
813 2358 856 2423 ad
882 2357 1118 2442 profligandam
1140 2359 1338 2444 provinciam
1361 2360 1500 2425 maxime
1523 2358 1686 2442 proficisse
1709 2357 1854 2441 singula·
1874 2363 1935 2425 199

228 2481 295 2526 rem
318 2460 410 2526 ducis
432 2461 652 2543 sanctitatem,
686 2461 805 2546 qnippe
830 2461 885 2543 qui
907 2461 1050 2546 captivos
1073 2481 1190 2546 pueros
1212 2462 1403 2547 puellasque
1425 2462 1617 2547 praecipuae
1640 2460 1854 2547 pulchritudi-
1872 2482 1903 2525 ιι

228 2564 278 2630 nis
307 2563 454 2630 barbaris
483 2564 682 2646 restitueret,
715 2584 756 2630 ne
784 2563 819 2629 in
849 2571 1052 2649 conspectum
1076 2584 1169 2629 suum
1192 2564 1322 2646 quidem
1344 2584 1460 2649 passus
1483 2565 1618 2646 adduci,
1650 2563 1791 2647 nequid
1814 2564 1855 2629 de

156 2698 176 2728 ι.
191 2687 215 2728 ιι
229 2666 424 2750 virginitatis
446 2667 631 2750 integritate
654 2667 817 2733 delibasse
839 2667 948 2734 saltim
970 2666 1072 2740 oculis
1094 2667 1268 2734 videretur.
1307 2669 1389 2734 haec
1409 2668 1444 2733 in
1467 2667 1597 2733 diversa
1618 2673 1774 2732 terrarum
1796 2688 1855 2753 po-
1873 2673 1936 2735 200

228 2770 325 2854 pulos
355 2770 529 2834 Romanus.
586 2790 647 2835 neo
675 2770 749 2835 ideo
778 2777 887 2836 tamen
915 2770 1093 2836 visceribus
1122 2771 1237 2836 Italiae
1266 2771 1486 2837 inhaerentem
1516 2770 1705 2836 submovere
1733 2776 1857 2855 poterat

230 2872 434 2938 Annibalem.
481 2873 636 2958 pleraque
658 2872 702 2938 ad
723 2879 826 2938 ostem
849 2871 1049 2955 defecerant,
1083 2880 1116 2940 et
1137 2873 1203 2940 dus
1225 2874 1399 2940 acerrimus
1421 2879 1530 2938 contra
1552 2874 1712 2938 Romanos
1734 2871 1857 2938 italicis

157 3008 176 3036 ι.
193 2997 217 3038 ιι
230 2995 334 3058 eoque
359 2974 480 3041 viribus
511 2976 669 3041 utebatur.
715 2976 780 3041 iam
810 2982 919 3041 tamen
949 2996 1022 3041 eum
1051 2976 1215 3060 plerisque
1245 2976 1372 3061 oppidis
1402 2984 1435 3043 et
1467 2976 1652 3060 regionibns
1683 2994 1856 3042 excussere
1875 2997 1907 3039 ιι

230 3077 377 3143 Romani.
416 3077 480 3143 iam
503 3080 677 3143 'Parentum
699 3079 885 3160 retulerant,
911 3079 977 3143 ianr
999 3086 1033 3145 et
1054 3079 1167 3164 Capua
1189 3078 1287 3161 sedis,
1314 3080 1427 3146 domus
1449 3087 1482 3146 et
1503 3079 1608 3164 patria
1629 3079 1733 3144 altera
1753 3077 1857 3142 Anni-

232 3180 315 3245 balis
337 3181 517 3262 tenebatur,
543 3181 635 3246 cuius
658 3182 790 3247 amissio
811 3188 935 3247 tanturn
959 3180 1066 3247 Poeno
1089 3182 1162 3247 duci
1185 3182 1327 3249 dolorem
1350 3183 1456 3264 dedit,
1483 3189 1517 3248 ut
1537 3181 1614 3248 inde
1636 3181 1712 3247 totis
1733 3180 1857 3247 viribus

157 3316 176 3346 ι.
192 3305 217 3345 ιι
230 3283 364 3348 Romam
393 3290 641 3350 converteretur.
688 3305 706 3350 o
735 3285 888 3369 populum
918 3284 1052 3369 dignum
1080 3285 1166 3351 orbis
1194 3285 1330 3370 imperio
1358 3284 1554 3369 dignumque
1582 3284 1723 3350 omnium
1746 3283 1857 3350 favore
1875 3290 1935 3351 201

231 3393 263 3452 et
284 3385 505 3451 ammiratione
527 3386 691 3452 hominnm
713 3406 753 3451 ac
774 3386 922 3453 deoruml
961 3388 1134 3473 conpulsus
1157 3387 1200 3452 ad
1222 3388 1351 3454 ultimos
1373 3394 1478 3454 metus
1499 3389 1541 3453 ab
1563 3386 1690 3472 incepto
1711 3407 1775 3452 non
1797 3386 1857 3453 de-

230 3488 316 3554 sistit
343 3495 376 3554 et
405 3487 446 3553 de
476 3506 536 3553 sua
564 3489 643 3555 urbe
673 3489 829 3555 sollicitus
851 3490 997 3574 Capuam
1027 3496 1136 3556 tamen
1165 3511 1229 3556 uon
1259 3491 1383 3570 omisit,
1417 3490 1476 3556 sed
1501 3497 1592 3576 parte
1614 3489 1774 3556 exercitus
1796 3489 1856 3555 snb
1877 3515 1907 3555 ιι

230 3589 334 3675 Appio
367 3591 498 3656 consule
530 3590 660 3674 relicta,
704 3598 796 3677 parte
831 3591 984 3659 Flaccum
1024 3592 1058 3658 in
1097 3594 1176 3659 urbe
1216 3601 1327 3660 secuta
1359 3594 1478 3658 absens
1511 3593 1606 3658 simul
1639 3611 1858 3678 praesensque

158 3726 177 3757 ι.
192 3716 218 3757 ιι
231 3693 409 3778 pugnabat.
455 3692 534 3775 quid
563 3714 640 3777 ergo
669 3693 820 3760 miramur
848 3695 987 3762 moventi
1018 3702 1124 3761 castra
1152 3715 1173 3760 a
1202 3695 1295 3762 tertio
1326 3695 1436 3779 lapide
1458 3696 1611 3762 Annibali
1632 3696 1748 3762 iterum
1768 3696 1858 3780 ipsos
1876 3702 1939 3765 202

158 3829 178 3860 ι.
193 3819 219 3859 ιι
232 3795 310 3861 deos
339 3795 518 3862 restitisse?
561 3802 651 3862 tanta
680 3796 765 3863 enim
793 3797 838 3863 ad
868 3797 1013 3881 singulos
1042 3797 1132 3864 illius
1160 3805 1266 3864 motus
1294 3797 1344 3865 vis
1369 3799 1519 3865 imbrium
1542 3799 1646 3864 effusa
1668 3805 1735 3878 est,
1767 3804 1858 3863 anta

231 3906 396 3966 ventomm
418 3898 572 3966 violentia
593 3908 701 3966 coorta
723 3906 787 3983 est,
814 3907 849 3966 ut
871 3900 1027 3967 divinitus
1049 3901 1174 3967 hostem
1197 3900 1381 3967 submoveri
1403 3922 1466 3967 non
1488 3923 1509 3966 a
1532 3902 1631 3981 caelo,
1658 3900 1717 3966 sed
1739 3901 1780 3965 ab
1803 3920 1858 3965 ur-

159 4035 179 4066 ι.
193 4024 220 4066 ιι
232 4001 282 4067 bis
310 4001 414 4087 ipsius
443 4002 612 4068 moenibus
641 4010 674 4070 et
702 4003 863 4088 Capitulio
892 4002 1065 4071 videretur.
1111 4003 1218 4087 itaque
1246 4004 1331 4088 fugit
1358 4011 1391 4071 et
1418 4003 1518 4070 cessit
1545 4005 1632 4070 etin
1654 4004 1800 4069 ultimum
1814 4021 1858 4069 se
1878 4029 1909 4069 ιι

159 4138 179 4170 e.
193 4127 219 4169 ιι
232 4104 347 4171 Italiae
368 4105 490 4191 recepit
512 4104 634 4188 sinum,
669 4125 740 4171 cum
770 4105 883 4172 urbem
911 4112 1034 4172 tantam
1063 4126 1127 4171 non
1156 4107 1321 4173 adoratam
1348 4107 1542 4191 reliquisset.
1568 4107 1581 4192 ΙΙ
1604 4107 1633 4173 si
1661 4106 1791 4190 quidem
1816 4105 1858 4172 ab
1878 4114 1940 4177 203

234 4206 356 4293 Spania
377 4207 563 4273 Hasdrubal
585 4207 683 4274 frater
704 4208 875 4275 Annibalis
897 4228 969 4275 cum
992 4209 1134 4276 exercitu
1156 4230 1257 4291 novo,
1282 4208 1374 4275 novis
1396 4210 1537 4291 viribus,
1570 4230 1654 4276 nova
1675 4209 1754 4276 belli
1775 4210 1860 4276 mole

161 4343 181 4375 e.
195 4333 221 4374 ιι
232 4309 393 4378 veniebat.
433 4317 540 4377 actum
562 4318 612 4378 est
626 4311 737 4397 procul
757 4310 865 4394 dubio,
892 4311 920 4378 si
936 4311 986 4377 vir
1000 4312 1057 4378 ille
1072 4332 1107 4378 se
1123 4332 1193 4378 cum
1210 4312 1308 4378 fratre
1323 4312 1512 4380 iuncxisset.
1547 4312 1607 4379 sed
1628 4313 1713 4378 hunc
1733 4332 1860 4396 quoque

231 4420 355 4480 tantum
384 4413 471 4496 quod
491 4415 532 4479 ab
554 4414 639 4500 Alpe
661 4413 874 4481 descenderat
894 4414 1046 4500 apudque
1068 4415 1248 4482 Metaurum
1274 4422 1381 4482 castra
1401 4422 1574 4483 metantem
1597 4416 1752 4483 Claudius
1773 4415 1860 4482 Nem

159 4549 179 4581 ι.
192 4540 217 4582 ιι
231 4536 303 4584 eum
325 4517 417 4584 Livio
439 4517 619 4584 Salinatore
641 4518 793 4584 debellat.
833 4517 920 4584 Nero
942 4517 977 4584 in
999 4518 1112 4585 ultimo
1135 4518 1252 4585 Italiae
1274 4519 1396 4604 angulo
1419 4521 1625 4586 submoverat
1644 4518 1854 4586 Annibalem:
1878 4545 1910 4586 ιι

318 4865 346 4912 Η
357 4863 380 4912 P
393 4865 415 4913 V
431 4863 527 4912 Paulus
544 4865 568 4914 b.
589 4864 621 4914 B.
641 4866 665 4927 3,
689 4867 721 4913 18
741 4863 783 4928 (39
801 4865 918 4928 apudque
935 4864 1099 4928 Metaurum).
1119 4892 1155 4902 -
1173 4863 1241 4915 Mur.
1259 4880 1285 4927 p.
1301 4864 1366 4914 2³9⁸
1383 4881 1408 4916 a.
1426 4861 1456 4917 15
1475 4866 1567 4916 -dlblle
1584 4867 1663 4918 dictu.

321 5009 331 5059 1
353 5007 595 5077 mesammones,
615 5010 715 5059 mandat
732 5012 787 5060 libri
922 5010 938 5060 2
957 5011 1117 5061 archimedils
1134 5011 1207 5058 HPV
1336 5011 1352 5060 3
1371 5025 1455 5061 muros
1472 5013 1521 5061 ΗΡ
1651 5011 1666 5060 l
1686 5012 1772 5059 arches
1788 5009 1862 5058 HPV

233 5095 330 5158 Sgcns
347 5096 384 5144 P·
495 5097 601 5159 ilpenis
619 5097 648 5143 H
707 5090 710 5095 ’
758 5098 788 5147 10
807 5100 969 5146 ammiserant
987 5097 1015 5144 H
1126 5096 1157 5146 1⁵
1176 5094 1299 5164 pyrineis]
1318 5097 1608 5159 llPl'Flormfflomb.)
1727 5096 1758 5146 16
1775 5093 1816 5164 in]
1834 5103 1878 5146 et
1958 5107 1962 5115 ·

232 5183 321 5231 horus
427 5180 457 5231 17
476 5187 516 5231 est
533 5178 631 5248 eodem]
648 5187 688 5230 est
707 5183 792 5231 llorru
907 5182 937 5231 18
956 5178 1091 5249 omenque]
1111 5184 1200 5231 Florus
1215 5181 1309 5244 (Nea),
1329 5195 1470 5246 nomenque
1488 5185 1554 5234 Flos.
1572 5183 1691 5247 (cama),
1711 5197 1860 5245 omnemque

232 5268 306 5316 HPV
408 5267 440 5318 19
458 5269 593 5333 profecisse
612 5268 635 5315 P
736 5267 764 5317 31
786 5269 926 5318 restitnerit
943 5268 1001 5316 libri
1113 5266 1146 5316 25
1165 5264 1255 5334 coque]
1273 5268 1329 5329 ΗΡ,
1350 5270 1494 5332 qnoqual'
1594 5283 1729 5319 excussere
1749 5305 1755 5318 .
1772 5306 1801 5320 ..
1822 5284 1861 5318 rc-

233 5350 356 5420 tulerant]
373 5369 573 5414 excusseramns,
593 5356 644 5403 iarn
664 5354 788 5403 Tarentus
807 5355 837 5403 ad
856 5368 900 5404 nos
918 5354 1025 5402 redierat
1045 5354 1132 5401 Florus
1263 5353 1294 5402 27
1314 5351 1353 5421 nt]
1375 5359 1401 5404 et
1420 5355 1469 5403 ΗΡ
1596 5354 1629 5405 28
1648 5355 1738 5418 populo
1756 5354 1830 5403 HPV

233 5440 304 5489 urbis
323 5440 374 5488 HV
485 5441 514 5491 31
537 5437 611 5507 nrbc]
629 5440 685 5488 libri
703 5445 726 5488 et
745 5441 832 5489 Florus
846 5439 954 5501 (Bomb.)
1070 5453 1175 5502 praecns
1193 5439 1230 5487 P·
1343 5440 1375 5489 35
1394 5438 1526 5508 capitolio]
1543 5441 1593 5488 ΗΡ
1702 5439 1861 5509 ditrutam]

233 5524 315 5584 HPV,
335 5531 411 5574 totam
432 5527 518 5574 Floras
533 5525 653 5587 (Bombl,
674 5532 771 5574 tantum
792 5526 877 5574 florus
891 5525 974 5585 (Noa.)
1080 5522 1217 5592 adoratam]
1236 5527 1284 5574 ΗΡ
1297 5527 1395 5586 Floras,
1415 5528 1524 5575 adoriam
1545 5527 1589 5589 (V)
1697 5526 1728 5575 37
1748 5529 1861 5590 spaniam

235 5611 305 5659 HPV
409 5612 441 5660 38
459 5609 511 5678 est]
528 5617 582 5660 crat
600 5613 689 5659 Floras
794 5606 1203 5676 401111101r10me,1au0111>v

315 5711 438 5754 lorcam.
1639 5717 1656 5766 4
