<?xml version="1.0" encoding="UTF-8"?>
<!DOCTYPE html PUBLIC "-//W3C//DTD XHTML 1.0 Transitional//EN"
    "http://www.w3.org/TR/xhtml1/DTD/xhtml1-transitional.dtd">
<html xmlns="http://www.w3.org/1999/xhtml" xml:lang="en" lang="en">
 <head>
  <title>
</title>
<meta http-equiv="Content-Type" content="text/html;charset=utf-8" />
  <meta name='ocr-system' content='tesseract 3.04.00' />
  <meta name='ocr-capabilities' content='ocr_page ocr_carea ocr_par ocr_line ocrx_word'/>
</head>
<body>
  <div class='ocr_page' id='page_1' title='image "./iordanisromanae00mommgoog/iordanisromanae00mommgoog_0050.png"; bbox 0 0 4246 6082; ppageno 0'>
   <div class='ocr_carea' id='block_1_1' title="bbox 893 332 1819 396">
    <p class='ocr_par' dir='ltr' id='par_1_1' title="bbox 893 332 1819 396">
     <span class='ocr_line' id='line_1_1' title="bbox 893 332 1819 396; baseline 0.011 -10"><span class='ocrx_word' id='word_1_1' title='bbox 893 332 1121 388; x_wconf 79' lang='lat' dir='ltr'>PROOEMIVII.</span> <span class='ocrx_word' id='word_1_2' title='bbox 1710 332 1819 396; x_wconf 78' lang='lat' dir='ltr'>XLIII</span> 
     </span>
    </p>
   </div>
   <div class='ocr_carea' id='block_1_2' title="bbox 197 554 1823 4373">
    <p class='ocr_par' dir='ltr' id='par_1_2' title="bbox 197 554 1820 1243">
     <span class='ocr_line' id='line_1_2' title="bbox 199 554 1820 641; baseline 0.002 -23"><span class='ocrx_word' id='word_1_3' title='bbox 199 554 295 638; x_wconf 91' lang='lat' dir='ltr'>longe</span> <span class='ocrx_word' id='word_1_4' title='bbox 317 554 492 621; x_wconf 82' lang='lat' dir='ltr'>abhorrens</span> <span class='ocrx_word' id='word_1_5' title='bbox 514 577 535 621; x_wconf 93' lang='lat' dir='ltr'>a</span> <span class='ocrx_word' id='word_1_6' title='bbox 556 556 712 622; x_wconf 81' lang='lat' dir='ltr'>tenuitate</span> <span class='ocrx_word' id='word_1_7' title='bbox 734 555 894 636; x_wconf 84' lang='lat' dir='ltr'>Iordanis,</span> <span class='ocrx_word' id='word_1_8' title='bbox 921 557 1049 640; x_wconf 87' lang='lat' dir='ltr'>qualem</span> <span class='ocrx_word' id='word_1_9' title='bbox 1071 557 1158 623; x_wconf 91' lang='lat' dir='ltr'>etin</span> <span class='ocrx_word' id='word_1_10' title='bbox 1180 556 1332 622; x_wconf 85' lang='lat' dir='ltr'>Romanis</span> <span class='ocrx_word' id='word_1_11' title='bbox 1354 554 1623 641; x_wconf 80' lang='lat' dir='ltr'>deprehendimus</span> <span class='ocrx_word' id='word_1_12' title='bbox 1645 555 1731 621; x_wconf 91' lang='lat' dir='ltr'>etin</span> <span class='ocrx_word' id='word_1_13' title='bbox 1753 555 1820 622; x_wconf 82' lang='lat' dir='ltr'>Ge-</span> 
     </span>
     <span class='ocr_line' id='line_1_3' title="bbox 198 674 1819 762; baseline 0.001 -22"><span class='ocrx_word' id='word_1_14' title='bbox 198 674 331 740; x_wconf 89' lang='lat' dir='ltr'>ticorum</span> <span class='ocrx_word' id='word_1_15' title='bbox 352 683 443 761; x_wconf 85' lang='lat' dir='ltr'>parte</span> <span class='ocrx_word' id='word_1_16' title='bbox 466 675 581 743; x_wconf 92' lang='lat' dir='ltr'>adres</span> <span class='ocrx_word' id='word_1_17' title='bbox 603 683 677 761; x_wconf 91' lang='lat' dir='ltr'>post</span> <span class='ocrx_word' id='word_1_18' title='bbox 698 698 729 741; x_wconf 88' lang='lat' dir='ltr'>a.</span> <span class='ocrx_word' id='word_1_19' title='bbox 755 679 817 740; x_wconf 79' lang='lat'>526</span> <span class='ocrx_word' id='word_1_20' title='bbox 839 684 948 760; x_wconf 88' lang='lat' dir='ltr'>gestas</span> <span class='ocrx_word' id='word_1_21' title='bbox 970 678 1161 762; x_wconf 83' lang='lat' dir='ltr'>pertinente.</span> <span class='ocrx_word' id='word_1_22' title='bbox 1208 677 1267 743; x_wconf 90' lang='lat' dir='ltr'>sed</span> <span class='ocrx_word' id='word_1_23' title='bbox 1288 675 1384 742; x_wconf 91' lang='lat' dir='ltr'>flores</span> <span class='ocrx_word' id='word_1_24' title='bbox 1404 675 1454 741; x_wconf 93' lang='lat' dir='ltr'>illi</span> <span class='ocrx_word' id='word_1_25' title='bbox 1476 696 1539 741; x_wconf 95' lang='lat' dir='ltr'>non</span> <span class='ocrx_word' id='word_1_26' title='bbox 1561 676 1659 742; x_wconf 88' lang='lat' dir='ltr'>valde</span> <span class='ocrx_word' id='word_1_27' title='bbox 1680 695 1819 742; x_wconf 89' lang='lat' dir='ltr'>suaveo-</span> 
     </span>
     <span class='ocr_line' id='line_1_4' title="bbox 199 795 1819 896; baseline 0.001 -37"><span class='ocrx_word' id='word_1_28' title='bbox 199 795 302 861; x_wconf 78' lang='lat' dir='ltr'>lentes</span> <span class='ocrx_word' id='word_1_29' title='bbox 331 802 364 861; x_wconf 93' lang='lat' dir='ltr'>et</span> <span class='ocrx_word' id='word_1_30' title='bbox 392 797 606 880; x_wconf 82' lang='lat' dir='ltr'>aequabiliter</span> <span class='ocrx_word' id='word_1_31' title='bbox 634 817 692 881; x_wconf 76' lang='lat' dir='ltr'>quer</span> <span class='ocrx_word' id='word_1_32' title='bbox 722 797 903 863; x_wconf 91' lang='lat' dir='ltr'>universum</span> <span class='ocrx_word' id='word_1_33' title='bbox 935 798 1050 863; x_wconf 90' lang='lat' dir='ltr'>librum</span> <span class='ocrx_word' id='word_1_34' title='bbox 1081 798 1186 884; x_wconf 89' lang='lat' dir='ltr'>sparsi</span> <span class='ocrx_word' id='word_1_35' title='bbox 1215 803 1289 862; x_wconf 89' lang='lat' dir='ltr'>sunt</span> <span class='ocrx_word' id='word_1_36' title='bbox 1311 803 1343 862; x_wconf 94' lang='lat' dir='ltr'>et</span> <span class='ocrx_word' id='word_1_37' title='bbox 1364 796 1419 862; x_wconf 93' lang='lat' dir='ltr'>ubi</span> <span class='ocrx_word' id='word_1_38' title='bbox 1440 797 1545 861; x_wconf 92' lang='lat' dir='ltr'>minus</span> <span class='ocrx_word' id='word_1_39' title='bbox 1567 803 1740 896; x_wconf 80' lang='lat' dir='ltr'>apparent,</span> <span class='ocrx_word' id='word_1_40' title='bbox 1772 796 1819 861; x_wconf 93' lang='lat' dir='ltr'>ibi</span> 
     </span>
     <span class='ocr_line' id='line_1_5' title="bbox 198 915 1819 1002; baseline 0.001 -22"><span class='ocrx_word' id='word_1_41' title='bbox 198 935 262 981; x_wconf 91' lang='lat' dir='ltr'>non</span> <span class='ocrx_word' id='word_1_42' title='bbox 282 915 441 983; x_wconf 89' lang='lat' dir='ltr'>immerito</span> <span class='ocrx_word' id='word_1_43' title='bbox 463 917 668 1002; x_wconf 83' lang='lat' dir='ltr'>suspicabare</span> <span class='ocrx_word' id='word_1_44' title='bbox 689 938 753 983; x_wconf 95' lang='lat' dir='ltr'>non</span> <span class='ocrx_word' id='word_1_45' title='bbox 774 924 840 982; x_wconf 89' lang='lat' dir='ltr'>tam</span> <span class='ocrx_word' id='word_1_46' title='bbox 856 917 1103 985; x_wconf 83' lang='lat' dir='ltr'>Cassiodoriana</span> <span class='ocrx_word' id='word_1_47' title='bbox 1124 919 1166 983; x_wconf 91' lang='lat' dir='ltr'>ab</span> <span class='ocrx_word' id='word_1_48' title='bbox 1187 917 1345 983; x_wconf 74' lang='lat' dir='ltr'>imitatore</span> <span class='ocrx_word' id='word_1_49' title='bbox 1365 917 1505 1002; x_wconf 86' lang='lat' dir='ltr'>seposita</span> <span class='ocrx_word' id='word_1_50' title='bbox 1520 936 1593 982; x_wconf 90' lang='lat' dir='ltr'>esse</span> <span class='ocrx_word' id='word_1_51' title='bbox 1609 937 1704 999; x_wconf 89' lang='lat' dir='ltr'>quam</span> <span class='ocrx_word' id='word_1_52' title='bbox 1719 916 1819 982; x_wconf 88' lang='lat' dir='ltr'>verba</span> 
     </span>
     <span class='ocr_line' id='line_1_6' title="bbox 197 1035 1816 1124; baseline 0.002 -25"><span class='ocrx_word' id='word_1_53' title='bbox 197 1035 245 1102; x_wconf 86' lang='lat' dir='ltr'>ita</span> <span class='ocrx_word' id='word_1_54' title='bbox 273 1044 452 1120; x_wconf 88' lang='lat' dir='ltr'>contracta,</span> <span class='ocrx_word' id='word_1_55' title='bbox 485 1044 521 1103; x_wconf 91' lang='lat' dir='ltr'>ut</span> <span class='ocrx_word' id='word_1_56' title='bbox 551 1036 716 1104; x_wconf 80' lang='lat' dir='ltr'>‘floscula’</span> <span class='ocrx_word' id='word_1_57' title='bbox 748 1057 831 1120; x_wconf 89' lang='lat' dir='ltr'>quae</span> <span class='ocrx_word' id='word_1_58' title='bbox 861 1038 940 1104; x_wconf 91' lang='lat' dir='ltr'>dicit</span> <span class='ocrx_word' id='word_1_59' title='bbox 965 1038 1115 1124; x_wconf 91' lang='lat' dir='ltr'>perirent.</span> <span class='ocrx_word' id='word_1_60' title='bbox 1161 1058 1257 1121; x_wconf 90' lang='lat' dir='ltr'>quam</span> <span class='ocrx_word' id='word_1_61' title='bbox 1287 1038 1326 1103; x_wconf 94' lang='lat' dir='ltr'>ob</span> <span class='ocrx_word' id='word_1_62' title='bbox 1349 1058 1415 1102; x_wconf 93' lang='lat' dir='ltr'>rem</span> <span class='ocrx_word' id='word_1_63' title='bbox 1438 1043 1474 1102; x_wconf 93' lang='lat' dir='ltr'>ut</span> <span class='ocrx_word' id='word_1_64' title='bbox 1494 1037 1606 1102; x_wconf 92' lang='lat' dir='ltr'>horum</span> <span class='ocrx_word' id='word_1_65' title='bbox 1627 1036 1816 1103; x_wconf 88' lang='lat' dir='ltr'>indiciorum</span> 
     </span>
     <span class='ocr_line' id='line_1_7' title="bbox 199 1156 1431 1243; baseline 0 -22"><span class='ocrx_word' id='word_1_66' title='bbox 199 1156 254 1221; x_wconf 92' lang='lat' dir='ltr'>ubi</span> <span class='ocrx_word' id='word_1_67' title='bbox 276 1157 395 1224; x_wconf 89' lang='lat' dir='ltr'>adsunt</span> <span class='ocrx_word' id='word_1_68' title='bbox 415 1178 479 1223; x_wconf 94' lang='lat' dir='ltr'>non</span> <span class='ocrx_word' id='word_1_69' title='bbox 501 1157 633 1222; x_wconf 91' lang='lat' dir='ltr'>minima</span> <span class='ocrx_word' id='word_1_70' title='bbox 654 1158 704 1223; x_wconf 90' lang='lat' dir='ltr'>vis</span> <span class='ocrx_word' id='word_1_71' title='bbox 727 1161 835 1241; x_wconf 81' lang='lat' dir='ltr'>est⁸¹),</span> <span class='ocrx_word' id='word_1_72' title='bbox 861 1158 907 1223; x_wconf 91' lang='lat' dir='ltr'>ita</span> <span class='ocrx_word' id='word_1_73' title='bbox 928 1158 1014 1241; x_wconf 89' lang='lat' dir='ltr'>quod</span> <span class='ocrx_word' id='word_1_74' title='bbox 1035 1159 1153 1224; x_wconf 92' lang='lat' dir='ltr'>absunt</span> <span class='ocrx_word' id='word_1_75' title='bbox 1173 1156 1285 1243; x_wconf 86' lang='lat' dir='ltr'>parurn</span> <span class='ocrx_word' id='word_1_76' title='bbox 1308 1157 1431 1242; x_wconf 90' lang='lat' dir='ltr'>probat.</span> 
     </span>
    </p>

    <p class='ocr_par' dir='ltr' id='par_1_3' title="bbox 197 1277 1823 3050">
     <span class='ocr_line' id='line_1_8' title="bbox 284 1277 1819 1364; baseline 0.001 -23"><span class='ocrx_word' id='word_1_77' title='bbox 284 1277 388 1343; x_wconf 87' lang='lat' dir='ltr'>Maius</span> <span class='ocrx_word' id='word_1_78' title='bbox 409 1282 604 1343; x_wconf 85' lang='lat' dir='ltr'>momentum</span> <span class='ocrx_word' id='word_1_79' title='bbox 627 1285 686 1360; x_wconf 88' lang='lat' dir='ltr'>est,</span> <span class='ocrx_word' id='word_1_80' title='bbox 711 1278 746 1343; x_wconf 91' lang='lat' dir='ltr'>id</span> <span class='ocrx_word' id='word_1_81' title='bbox 768 1279 853 1362; x_wconf 92' lang='lat' dir='ltr'>quod</span> <span class='ocrx_word' id='word_1_82' title='bbox 876 1298 973 1363; x_wconf 89' lang='lat' dir='ltr'>supra</span> <span class='ocrx_word' id='word_1_83' title='bbox 994 1300 1028 1364; x_wconf 84' lang='lat' dir='ltr'>p.</span> <span class='ocrx_word' id='word_1_84' title='bbox 1052 1279 1112 1343; x_wconf 89' lang='lat' dir='ltr'>VH</span> <span class='ocrx_word' id='word_1_85' title='bbox 1127 1296 1175 1361; x_wconf 91' lang='lat' dir='ltr'>sq.</span> <span class='ocrx_word' id='word_1_86' title='bbox 1200 1279 1265 1343; x_wconf 89' lang='lat' dir='ltr'>iam</span> <span class='ocrx_word' id='word_1_87' title='bbox 1286 1277 1468 1361; x_wconf 87' lang='lat' dir='ltr'>tetigimus,</span> <span class='ocrx_word' id='word_1_88' title='bbox 1494 1277 1527 1343; x_wconf 92' lang='lat' dir='ltr'>in</span> <span class='ocrx_word' id='word_1_89' title='bbox 1550 1277 1735 1343; x_wconf 88' lang='lat' dir='ltr'>diversitate</span> <span class='ocrx_word' id='word_1_90' title='bbox 1757 1278 1819 1344; x_wconf 88' lang='lat' dir='ltr'>loci</span> 
     </span>
     <span class='ocr_line' id='line_1_9' title="bbox 198 1396 1819 1483; baseline 0.001 -21"><span class='ocrx_word' id='word_1_91' title='bbox 198 1396 449 1481; x_wconf 91' lang='lat' dir='ltr'>studiorumque.</span> <span class='ocrx_word' id='word_1_92' title='bbox 495 1398 734 1464; x_wconf 81' lang='lat' dir='ltr'>Cassiodorium</span> <span class='ocrx_word' id='word_1_93' title='bbox 763 1418 862 1483; x_wconf 90' lang='lat' dir='ltr'>supra</span> <span class='ocrx_word' id='word_1_94' title='bbox 889 1398 1029 1465; x_wconf 88' lang='lat' dir='ltr'>vidimus</span> <span class='ocrx_word' id='word_1_95' title='bbox 1059 1398 1159 1465; x_wconf 86' lang='lat' dir='ltr'>fuisse</span> <span class='ocrx_word' id='word_1_96' title='bbox 1188 1397 1457 1465; x_wconf 84' lang='lat' dir='ltr'>Gothoromanum</span> <span class='ocrx_word' id='word_1_97' title='bbox 1486 1404 1519 1463; x_wconf 90' lang='lat' dir='ltr'>et</span> <span class='ocrx_word' id='word_1_98' title='bbox 1545 1397 1685 1463; x_wconf 91' lang='lat' dir='ltr'>aulicum</span> <span class='ocrx_word' id='word_1_99' title='bbox 1712 1399 1819 1464; x_wconf 85' lang='lat' dir='ltr'>Theo-</span> 
     </span>
     <span class='ocr_line' id='line_1_10' title="bbox 199 1517 1820 1604; baseline 0.001 -22"><span class='ocrx_word' id='word_1_100' title='bbox 199 1517 317 1598; x_wconf 88' lang='lat' dir='ltr'>derici,</span> <span class='ocrx_word' id='word_1_101' title='bbox 343 1518 512 1585; x_wconf 85' lang='lat' dir='ltr'>Iordanem</span> <span class='ocrx_word' id='word_1_102' title='bbox 535 1519 776 1603; x_wconf 89' lang='lat' dir='ltr'>Moesogothum</span> <span class='ocrx_word' id='word_1_103' title='bbox 799 1519 925 1604; x_wconf 90' lang='lat' dir='ltr'>imperii</span> <span class='ocrx_word' id='word_1_104' title='bbox 948 1519 1088 1585; x_wconf 83' lang='lat' dir='ltr'>Orientis</span> <span class='ocrx_word' id='word_1_105' title='bbox 1110 1519 1289 1597; x_wconf 84' lang='lat' dir='ltr'>subditum3</span> <span class='ocrx_word' id='word_1_106' title='bbox 1326 1518 1396 1584; x_wconf 92' lang='lat' dir='ltr'>iure</span> <span class='ocrx_word' id='word_1_107' title='bbox 1417 1518 1515 1601; x_wconf 91' lang='lat' dir='ltr'>igitur</span> <span class='ocrx_word' id='word_1_108' title='bbox 1537 1517 1718 1600; x_wconf 85' lang='lat' dir='ltr'>quaeritur,</span> <span class='ocrx_word' id='word_1_109' title='bbox 1744 1539 1820 1584; x_wconf 91' lang='lat' dir='ltr'>uum</span> 
     </span>
     <span class='ocr_line' id='line_1_11' title="bbox 197 1637 1821 1724; baseline 0.001 -21"><span class='ocrx_word' id='word_1_110' title='bbox 197 1638 322 1722; x_wconf 86' lang='lat' dir='ltr'>possint</span> <span class='ocrx_word' id='word_1_111' title='bbox 343 1645 452 1723; x_wconf 88' lang='lat' dir='ltr'>partes</span> <span class='ocrx_word' id='word_1_112' title='bbox 474 1639 581 1724; x_wconf 88' lang='lat' dir='ltr'>operis</span> <span class='ocrx_word' id='word_1_113' title='bbox 604 1639 824 1721; x_wconf 86' lang='lat' dir='ltr'>demonstrari,</span> <span class='ocrx_word' id='word_1_114' title='bbox 850 1659 934 1721; x_wconf 91' lang='lat' dir='ltr'>quae</span> <span class='ocrx_word' id='word_1_115' title='bbox 956 1659 1028 1705; x_wconf 93' lang='lat' dir='ltr'>cum</span> <span class='ocrx_word' id='word_1_116' title='bbox 1050 1661 1071 1705; x_wconf 90' lang='lat' dir='ltr'>a</span> <span class='ocrx_word' id='word_1_117' title='bbox 1089 1638 1291 1706; x_wconf 79' lang='lat' dir='ltr'>Cassiodorio</span> <span class='ocrx_word' id='word_1_118' title='bbox 1313 1637 1409 1704; x_wconf 82' lang='lat' dir='ltr'>scribi</span> <span class='ocrx_word' id='word_1_119' title='bbox 1423 1637 1614 1722; x_wconf 85' lang='lat' dir='ltr'>nequierint,</span> <span class='ocrx_word' id='word_1_120' title='bbox 1640 1641 1821 1705; x_wconf 91' lang='lat' dir='ltr'>necessario</span> 
     </span>
     <span class='ocr_line' id='line_1_12' title="bbox 198 1757 1820 1844; baseline 0.003 -23"><span class='ocrx_word' id='word_1_121' title='bbox 198 1757 328 1824; x_wconf 91' lang='lat' dir='ltr'>Iordani</span> <span class='ocrx_word' id='word_1_122' title='bbox 349 1759 538 1825; x_wconf 81' lang='lat' dir='ltr'>tribuendae</span> <span class='ocrx_word' id='word_1_123' title='bbox 561 1759 636 1824; x_wconf 92' lang='lat' dir='ltr'>sint.</span> <span class='ocrx_word' id='word_1_124' title='bbox 683 1759 743 1825; x_wconf 91' lang='lat' dir='ltr'>scd</span> <span class='ocrx_word' id='word_1_125' title='bbox 763 1759 825 1825; x_wconf 88' lang='lat' dir='ltr'>hac</span> <span class='ocrx_word' id='word_1_126' title='bbox 848 1779 974 1843; x_wconf 90' lang='lat' dir='ltr'>quoque</span> <span class='ocrx_word' id='word_1_127' title='bbox 996 1759 1050 1825; x_wconf 87' lang='lat' dir='ltr'>via</span> <span class='ocrx_word' id='word_1_128' title='bbox 1071 1780 1135 1825; x_wconf 92' lang='lat' dir='ltr'>non</span> <span class='ocrx_word' id='word_1_129' title='bbox 1155 1761 1251 1843; x_wconf 90' lang='lat' dir='ltr'>longe</span> <span class='ocrx_word' id='word_1_130' title='bbox 1273 1757 1524 1844; x_wconf 84' lang='lat' dir='ltr'>progrediemur.</span> <span class='ocrx_word' id='word_1_131' title='bbox 1571 1779 1649 1825; x_wconf 89' lang='lat' dir='ltr'>sane</span> <span class='ocrx_word' id='word_1_132' title='bbox 1674 1780 1757 1843; x_wconf 91' lang='lat' dir='ltr'>quae</span> <span class='ocrx_word' id='word_1_133' title='bbox 1780 1760 1820 1826; x_wconf 93' lang='lat' dir='ltr'>de</span> 
     </span>
     <span class='ocr_line' id='line_1_13' title="bbox 199 1878 1819 1965; baseline 0.001 -21"><span class='ocrx_word' id='word_1_134' title='bbox 199 1897 235 1944; x_wconf 91' lang='lat' dir='ltr'>se</span> <span class='ocrx_word' id='word_1_135' title='bbox 257 1879 388 1961; x_wconf 88' lang='lat' dir='ltr'>suisque</span> <span class='ocrx_word' id='word_1_136' title='bbox 411 1879 619 1965; x_wconf 91' lang='lat' dir='ltr'>popularibus</span> <span class='ocrx_word' id='word_1_137' title='bbox 641 1880 796 1946; x_wconf 86' lang='lat' dir='ltr'>Iordanes</span> <span class='ocrx_word' id='word_1_138' title='bbox 819 1878 939 1964; x_wconf 87' lang='lat' dir='ltr'>profert</span> <span class='ocrx_word' id='word_1_139' title='bbox 960 1901 989 1945; x_wconf 91' lang='lat' dir='ltr'>e.</span> <span class='ocrx_word' id='word_1_140' title='bbox 1008 1885 1061 1945; x_wconf 79' lang='lat'>50.</span> <span class='ocrx_word' id='word_1_141' title='bbox 1080 1884 1132 1961; x_wconf 86' lang='lat'>51,</span> <span class='ocrx_word' id='word_1_142' title='bbox 1158 1879 1278 1946; x_wconf 90' lang='lat' dir='ltr'>maiore</span> <span class='ocrx_word' id='word_1_143' title='bbox 1300 1900 1340 1945; x_wconf 87' lang='lat' dir='ltr'>ex</span> <span class='ocrx_word' id='word_1_144' title='bbox 1362 1885 1453 1964; x_wconf 89' lang='lat' dir='ltr'>parte</span> <span class='ocrx_word' id='word_1_145' title='bbox 1475 1879 1562 1963; x_wconf 90' lang='lat' dir='ltr'>apud</span> <span class='ocrx_word' id='word_1_146' title='bbox 1580 1879 1819 1946; x_wconf 80' lang='lat' dir='ltr'>Cassiodorium</span> 
     </span>
     <span class='ocr_line' id='line_1_14' title="bbox 199 1999 1818 2086; baseline 0.001 -22"><span class='ocrx_word' id='word_1_147' title='bbox 199 2020 264 2064; x_wconf 89' lang='lat' dir='ltr'>non</span> <span class='ocrx_word' id='word_1_148' title='bbox 286 2000 383 2083; x_wconf 91' lang='lat' dir='ltr'>legit:</span> <span class='ocrx_word' id='word_1_149' title='bbox 409 2021 468 2066; x_wconf 93' lang='lat' dir='ltr'>nee</span> <span class='ocrx_word' id='word_1_150' title='bbox 490 2000 595 2085; x_wconf 86' lang='lat' dir='ltr'>magis</span> <span class='ocrx_word' id='word_1_151' title='bbox 618 2001 699 2083; x_wconf 90' lang='lat' dir='ltr'>legit</span> <span class='ocrx_word' id='word_1_152' title='bbox 720 2000 809 2086; x_wconf 92' lang='lat' dir='ltr'>apud</span> <span class='ocrx_word' id='word_1_153' title='bbox 831 2019 902 2066; x_wconf 91' lang='lat' dir='ltr'>eum</span> <span class='ocrx_word' id='word_1_154' title='bbox 925 1999 1134 2066; x_wconf 90' lang='lat' dir='ltr'>acerbissima</span> <span class='ocrx_word' id='word_1_155' title='bbox 1152 1999 1312 2084; x_wconf 85' lang='lat' dir='ltr'>vituperia</span> <span class='ocrx_word' id='word_1_156' title='bbox 1325 1999 1515 2065; x_wconf 75' lang='lat' dir='ltr'>Asianorum</span> <span class='ocrx_word' id='word_1_157' title='bbox 1531 2020 1558 2066; x_wconf 91' lang='lat' dir='ltr'>c.</span> <span class='ocrx_word' id='word_1_158' title='bbox 1578 2004 1630 2082; x_wconf 84' lang='lat'>25,</span> <span class='ocrx_word' id='word_1_159' title='bbox 1651 2002 1724 2064; x_wconf 81' lang='lat'>131.</span> <span class='ocrx_word' id='word_1_160' title='bbox 1745 2003 1818 2065; x_wconf 80' lang='lat'><strong>132.</strong></span> 
     </span>
     <span class='ocr_line' id='line_1_15' title="bbox 200 2119 1821 2207; baseline 0.002 -25"><span class='ocrx_word' id='word_1_161' title='bbox 200 2123 252 2200; x_wconf 76' lang='lat'>26,</span> <span class='ocrx_word' id='word_1_162' title='bbox 275 2121 346 2201; x_wconf 89' lang='lat'>138,</span> <span class='ocrx_word' id='word_1_163' title='bbox 372 2141 454 2204; x_wconf 90' lang='lat' dir='ltr'>quae</span> <span class='ocrx_word' id='word_1_164' title='bbox 477 2120 566 2186; x_wconf 83' lang='lat' dir='ltr'>virus</span> <span class='ocrx_word' id='word_1_165' title='bbox 589 2121 802 2204; x_wconf 91' lang='lat' dir='ltr'>theologicum</span> <span class='ocrx_word' id='word_1_166' title='bbox 825 2120 953 2205; x_wconf 89' lang='lat' dir='ltr'>propria</span> <span class='ocrx_word' id='word_1_167' title='bbox 975 2120 1037 2186; x_wconf 93' lang='lat' dir='ltr'>sibi</span> <span class='ocrx_word' id='word_1_168' title='bbox 1058 2119 1169 2207; x_wconf 89' lang='lat' dir='ltr'>inepta</span> <span class='ocrx_word' id='word_1_169' title='bbox 1189 2120 1422 2186; x_wconf 81' lang='lat' dir='ltr'>inhumanitate</span> <span class='ocrx_word' id='word_1_170' title='bbox 1443 2120 1574 2185; x_wconf 89' lang='lat' dir='ltr'>imbuit:</span> <span class='ocrx_word' id='word_1_171' title='bbox 1600 2140 1675 2186; x_wconf 88' lang='lat' dir='ltr'>nam</span> <span class='ocrx_word' id='word_1_172' title='bbox 1690 2120 1821 2186; x_wconf 81' lang='lat' dir='ltr'>Cassio-</span> 
     </span>
     <span class='ocr_line' id='line_1_16' title="bbox 199 2230 1821 2326; baseline 0.002 -21"><span class='ocrx_word' id='word_1_173' title='bbox 199 2238 321 2305; x_wconf 90' lang='lat' dir='ltr'>dorium</span> <span class='ocrx_word' id='word_1_174' title='bbox 350 2240 426 2306; x_wconf 90' lang='lat' dir='ltr'>licet</span> <span class='ocrx_word' id='word_1_175' title='bbox 452 2241 558 2326; x_wconf 93' lang='lat' dir='ltr'>ipsum</span> <span class='ocrx_word' id='word_1_176' title='bbox 587 2230 782 2307; x_wconf 80' lang='lat' dir='ltr'>orthodoxae</span> <span class='ocrx_word' id='word_1_177' title='bbox 810 2240 885 2306; x_wconf 89' lang='lat' dir='ltr'>fidei</span> <span class='ocrx_word' id='word_1_178' title='bbox 911 2240 1075 2306; x_wconf 90' lang='lat' dir='ltr'>addietum</span> <span class='ocrx_word' id='word_1_179' title='bbox 1097 2241 1131 2305; x_wconf 94' lang='lat' dir='ltr'>in</span> <span class='ocrx_word' id='word_1_180' title='bbox 1152 2239 1287 2307; x_wconf 87' lang='lat' dir='ltr'>historia</span> <span class='ocrx_word' id='word_1_181' title='bbox 1308 2239 1476 2306; x_wconf 91' lang='lat' dir='ltr'>scribenda</span> <span class='ocrx_word' id='word_1_182' title='bbox 1496 2240 1637 2306; x_wconf 84' lang='lat' dir='ltr'>Arianae</span> <span class='ocrx_word' id='word_1_183' title='bbox 1658 2240 1821 2308; x_wconf 89' lang='lat' dir='ltr'>doctrinae</span> 
     </span>
     <span class='ocr_line' id='line_1_17' title="bbox 201 2360 1820 2454; baseline 0.002 -29"><span class='ocrx_word' id='word_1_184' title='bbox 201 2360 398 2454; x_wconf 92' lang='lat' dir='ltr'>dominorum</span> <span class='ocrx_word' id='word_1_185' title='bbox 422 2381 551 2427; x_wconf 89' lang='lat' dir='ltr'>suorum</span> <span class='ocrx_word' id='word_1_186' title='bbox 573 2382 745 2427; x_wconf 89' lang='lat' dir='ltr'>memorem</span> <span class='ocrx_word' id='word_1_187' title='bbox 768 2360 869 2427; x_wconf 86' lang='lat' dir='ltr'>fuisse</span> <span class='ocrx_word' id='word_1_188' title='bbox 891 2382 954 2427; x_wconf 92' lang='lat' dir='ltr'>non</span> <span class='ocrx_word' id='word_1_189' title='bbox 978 2362 1080 2427; x_wconf 89' lang='lat' dir='ltr'>solum</span> <span class='ocrx_word' id='word_1_190' title='bbox 1102 2369 1351 2428; x_wconf 84' lang='lat' dir='ltr'>consentaneum</span> <span class='ocrx_word' id='word_1_191' title='bbox 1373 2367 1439 2444; x_wconf 90' lang='lat' dir='ltr'>est,</span> <span class='ocrx_word' id='word_1_192' title='bbox 1472 2360 1530 2426; x_wconf 87' lang='lat' dir='ltr'>sed</span> <span class='ocrx_word' id='word_1_193' title='bbox 1553 2361 1650 2427; x_wconf 89' lang='lat' dir='ltr'>etiam</span> <span class='ocrx_word' id='word_1_194' title='bbox 1674 2362 1820 2429; x_wconf 92' lang='lat' dir='ltr'>chronico</span> 
     </span>
     <span class='ocr_line' id='line_1_18' title="bbox 199 2480 1822 2565; baseline 0.002 -20"><span class='ocrx_word' id='word_1_195' title='bbox 199 2500 230 2545; x_wconf 90' lang='lat' dir='ltr'>a.</span> <span class='ocrx_word' id='word_1_196' title='bbox 256 2484 318 2543; x_wconf 75' lang='lat'>519</span> <span class='ocrx_word' id='word_1_197' title='bbox 342 2481 637 2564; x_wconf 53' lang='lat' dir='ltr'>demonstratura).</span> <span class='ocrx_word' id='word_1_198' title='bbox 677 2482 736 2548; x_wconf 90' lang='lat' dir='ltr'>sed</span> <span class='ocrx_word' id='word_1_199' title='bbox 757 2501 829 2547; x_wconf 92' lang='lat' dir='ltr'>cum</span> <span class='ocrx_word' id='word_1_200' title='bbox 851 2482 904 2547; x_wconf 90' lang='lat' dir='ltr'>vel</span> <span class='ocrx_word' id='word_1_201' title='bbox 925 2481 959 2545; x_wconf 94' lang='lat' dir='ltr'>in</span> <span class='ocrx_word' id='word_1_202' title='bbox 981 2480 1021 2545; x_wconf 92' lang='lat' dir='ltr'>iis</span> <span class='ocrx_word' id='word_1_203' title='bbox 1044 2482 1122 2548; x_wconf 89' lang='lat' dir='ltr'>locis</span> <span class='ocrx_word' id='word_1_204' title='bbox 1143 2481 1302 2565; x_wconf 90' lang='lat' dir='ltr'>quaedam</span> <span class='ocrx_word' id='word_1_205' title='bbox 1325 2481 1432 2563; x_wconf 90' lang='lat' dir='ltr'>insint,</span> <span class='ocrx_word' id='word_1_206' title='bbox 1458 2501 1541 2563; x_wconf 90' lang='lat' dir='ltr'>quae</span> <span class='ocrx_word' id='word_1_207' title='bbox 1564 2502 1604 2547; x_wconf 82' lang='lat' dir='ltr'>ex</span> <span class='ocrx_word' id='word_1_208' title='bbox 1620 2483 1822 2549; x_wconf 83' lang='lat' dir='ltr'>Cassiodorio</span> 
     </span>
     <span class='ocr_line' id='line_1_19' title="bbox 198 2601 1823 2688; baseline 0.003 -23"><span class='ocrx_word' id='word_1_209' title='bbox 198 2601 355 2686; x_wconf 86' lang='lat' dir='ltr'>proficisci</span> <span class='ocrx_word' id='word_1_210' title='bbox 377 2608 434 2667; x_wconf 92' lang='lat' dir='ltr'>aut</span> <span class='ocrx_word' id='word_1_211' title='bbox 455 2609 576 2667; x_wconf 90' lang='lat' dir='ltr'>eertum</span> <span class='ocrx_word' id='word_1_212' title='bbox 599 2608 648 2667; x_wconf 92' lang='lat' dir='ltr'>est</span> <span class='ocrx_word' id='word_1_213' title='bbox 669 2610 725 2668; x_wconf 89' lang='lat' dir='ltr'>aut</span> <span class='ocrx_word' id='word_1_214' title='bbox 747 2602 924 2688; x_wconf 83' lang='lat' dir='ltr'>probabile,</span> <span class='ocrx_word' id='word_1_215' title='bbox 951 2603 1051 2667; x_wconf 93' lang='lat' dir='ltr'>multo</span> <span class='ocrx_word' id='word_1_216' title='bbox 1073 2602 1177 2686; x_wconf 90' lang='lat' dir='ltr'>magis</span> <span class='ocrx_word' id='word_1_217' title='bbox 1199 2602 1234 2667; x_wconf 93' lang='lat' dir='ltr'>id</span> <span class='ocrx_word' id='word_1_218' title='bbox 1255 2602 1410 2687; x_wconf 88' lang='lat' dir='ltr'>pertinet,</span> <span class='ocrx_word' id='word_1_219' title='bbox 1444 2607 1479 2666; x_wconf 91' lang='lat' dir='ltr'>ut</span> <span class='ocrx_word' id='word_1_220' title='bbox 1501 2609 1596 2668; x_wconf 86' lang='lat' dir='ltr'>antea</span> <span class='ocrx_word' id='word_1_221' title='bbox 1623 2604 1747 2687; x_wconf 91' lang='lat' dir='ltr'>monui,</span> <span class='ocrx_word' id='word_1_222' title='bbox 1780 2605 1823 2670; x_wconf 92' lang='lat' dir='ltr'>ad</span> 
     </span>
     <span class='ocr_line' id='line_1_20' title="bbox 199 2721 1819 2808; baseline 0.002 -22"><span class='ocrx_word' id='word_1_223' title='bbox 199 2721 340 2805; x_wconf 90' lang='lat' dir='ltr'>reliquos</span> <span class='ocrx_word' id='word_1_224' title='bbox 362 2723 449 2788; x_wconf 93' lang='lat' dir='ltr'>locos</span> <span class='ocrx_word' id='word_1_225' title='bbox 472 2722 568 2787; x_wconf 90' lang='lat' dir='ltr'>etiam</span> <span class='ocrx_word' id='word_1_226' title='bbox 592 2742 665 2804; x_wconf 92' lang='lat' dir='ltr'>eos,</span> <span class='ocrx_word' id='word_1_227' title='bbox 698 2723 754 2805; x_wconf 94' lang='lat' dir='ltr'>qui</span> <span class='ocrx_word' id='word_1_228' title='bbox 776 2724 913 2788; x_wconf 90' lang='lat' dir='ltr'>colorem</span> <span class='ocrx_word' id='word_1_229' title='bbox 935 2721 1137 2806; x_wconf 89' lang='lat' dir='ltr'>apertissime</span> <span class='ocrx_word' id='word_1_230' title='bbox 1159 2743 1238 2806; x_wconf 89' lang='lat' dir='ltr'>prae</span> <span class='ocrx_word' id='word_1_231' title='bbox 1261 2742 1297 2788; x_wconf 91' lang='lat' dir='ltr'>se</span> <span class='ocrx_word' id='word_1_232' title='bbox 1319 2722 1425 2789; x_wconf 86' lang='lat' dir='ltr'>ferunt</span> <span class='ocrx_word' id='word_1_233' title='bbox 1451 2743 1514 2788; x_wconf 94' lang='lat' dir='ltr'>non</span> <span class='ocrx_word' id='word_1_234' title='bbox 1536 2722 1819 2808; x_wconf 86' lang='lat' dir='ltr'>Gothoromanum,</span> 
     </span>
     <span class='ocr_line' id='line_1_21' title="bbox 199 2841 1821 2929; baseline 0.001 -20"><span class='ocrx_word' id='word_1_235' title='bbox 199 2842 257 2909; x_wconf 88' lang='lat' dir='ltr'>sed</span> <span class='ocrx_word' id='word_1_236' title='bbox 279 2841 561 2924; x_wconf 87' lang='lat' dir='ltr'>Moesogothicum.</span> <span class='ocrx_word' id='word_1_237' title='bbox 609 2842 759 2924; x_wconf 86' lang='lat' dir='ltr'>itaquae</span> <span class='ocrx_word' id='word_1_238' title='bbox 781 2842 946 2907; x_wconf 85' lang='lat' dir='ltr'>abiudices</span> <span class='ocrx_word' id='word_1_239' title='bbox 968 2862 989 2905; x_wconf 90' lang='lat' dir='ltr'>a</span> <span class='ocrx_word' id='word_1_240' title='bbox 1011 2841 1213 2907; x_wconf 83' lang='lat' dir='ltr'>Cassiodorio</span> <span class='ocrx_word' id='word_1_241' title='bbox 1242 2844 1344 2908; x_wconf 88' lang='lat' dir='ltr'>relata</span> <span class='ocrx_word' id='word_1_242' title='bbox 1366 2843 1453 2927; x_wconf 88' lang='lat' dir='ltr'>apud</span> <span class='ocrx_word' id='word_1_243' title='bbox 1476 2843 1661 2925; x_wconf 88' lang='lat' dir='ltr'>Iordanem,</span> <span class='ocrx_word' id='word_1_244' title='bbox 1694 2851 1821 2929; x_wconf 89' lang='lat' dir='ltr'>praeter</span> 
     </span>
     <span class='ocr_line' id='line_1_22' title="bbox 200 2961 1817 3050; baseline 0.001 -21"><span class='ocrx_word' id='word_1_245' title='bbox 200 2983 344 3047; x_wconf 88' lang='lat' dir='ltr'>eaquae</span> <span class='ocrx_word' id='word_1_246' title='bbox 366 2968 542 3047; x_wconf 89' lang='lat' dir='ltr'>temporum</span> <span class='ocrx_word' id='word_1_247' title='bbox 566 2962 645 3026; x_wconf 91' lang='lat' dir='ltr'>ratio</span> <span class='ocrx_word' id='word_1_248' title='bbox 669 2969 703 3027; x_wconf 92' lang='lat' dir='ltr'>ut</span> <span class='ocrx_word' id='word_1_249' title='bbox 719 2962 920 3028; x_wconf 81' lang='lat' dir='ltr'>Cassiodorio</span> <span class='ocrx_word' id='word_1_250' title='bbox 942 2961 1118 3027; x_wconf 86' lang='lat' dir='ltr'>tribuamus</span> <span class='ocrx_word' id='word_1_251' title='bbox 1141 2982 1204 3026; x_wconf 91' lang='lat' dir='ltr'>non</span> <span class='ocrx_word' id='word_1_252' title='bbox 1226 2962 1376 3045; x_wconf 87' lang='lat' dir='ltr'>admittit,</span> <span class='ocrx_word' id='word_1_253' title='bbox 1401 2983 1464 3028; x_wconf 92' lang='lat' dir='ltr'>non</span> <span class='ocrx_word' id='word_1_254' title='bbox 1486 2964 1589 3029; x_wconf 89' lang='lat' dir='ltr'>multa</span> <span class='ocrx_word' id='word_1_255' title='bbox 1607 2965 1817 3050; x_wconf 89' lang='lat' dir='ltr'>reperiuntur.</span> 
     </span>
    </p>

    <p class='ocr_par' dir='ltr' id='par_1_4' title="bbox 198 3082 1822 4373">
     <span class='ocr_line' id='line_1_23' title="bbox 283 3082 1820 3170; baseline 0.003 -22"><span class='ocrx_word' id='word_1_256' title='bbox 283 3082 441 3149; x_wconf 92' lang='lat' dir='ltr'>Diacrisis</span> <span class='ocrx_word' id='word_1_257' title='bbox 469 3083 553 3148; x_wconf 89' lang='lat' dir='ltr'>inter</span> <span class='ocrx_word' id='word_1_258' title='bbox 581 3082 820 3148; x_wconf 80' lang='lat' dir='ltr'>Cassiodorium</span> <span class='ocrx_word' id='word_1_259' title='bbox 849 3090 881 3148; x_wconf 92' lang='lat' dir='ltr'>et</span> <span class='ocrx_word' id='word_1_260' title='bbox 908 3082 1076 3147; x_wconf 90' lang='lat' dir='ltr'>Iordanem</span> <span class='ocrx_word' id='word_1_261' title='bbox 1107 3088 1164 3147; x_wconf 92' lang='lat' dir='ltr'>aut</span> <span class='ocrx_word' id='word_1_262' title='bbox 1191 3082 1287 3148; x_wconf 89' lang='lat' dir='ltr'>valde</span> <span class='ocrx_word' id='word_1_263' title='bbox 1315 3082 1411 3149; x_wconf 87' lang='lat' dir='ltr'>fallor</span> <span class='ocrx_word' id='word_1_264' title='bbox 1439 3090 1495 3149; x_wconf 91' lang='lat' dir='ltr'>aut</span> <span class='ocrx_word' id='word_1_265' title='bbox 1526 3089 1593 3150; x_wconf 90' lang='lat' dir='ltr'>tota</span> <span class='ocrx_word' id='word_1_266' title='bbox 1624 3087 1745 3170; x_wconf 90' lang='lat' dir='ltr'>pendet</span> <span class='ocrx_word' id='word_1_267' title='bbox 1777 3088 1820 3153; x_wconf 88' lang='lat' dir='ltr'>ab</span> 
     </span>
     <span class='ocr_line' id='line_1_24' title="bbox 198 3201 1821 3288; baseline 0.002 -20"><span class='ocrx_word' id='word_1_268' title='bbox 198 3204 390 3269; x_wconf 84' lang='lat' dir='ltr'>auctoribus.</span> <span class='ocrx_word' id='word_1_269' title='bbox 437 3203 523 3268; x_wconf 91' lang='lat' dir='ltr'>hunc</span> <span class='ocrx_word' id='word_1_270' title='bbox 552 3202 636 3269; x_wconf 92' lang='lat' dir='ltr'>enim</span> <span class='ocrx_word' id='word_1_271' title='bbox 667 3223 737 3268; x_wconf 93' lang='lat' dir='ltr'>cum</span> <span class='ocrx_word' id='word_1_272' title='bbox 767 3224 807 3268; x_wconf 83' lang='lat' dir='ltr'>ex</span> <span class='ocrx_word' id='word_1_273' title='bbox 829 3202 982 3267; x_wconf 85' lang='lat' dir='ltr'>Romanis</span> <span class='ocrx_word' id='word_1_274' title='bbox 1008 3201 1216 3286; x_wconf 87' lang='lat' dir='ltr'>intellegatur</span> <span class='ocrx_word' id='word_1_275' title='bbox 1238 3224 1259 3268; x_wconf 91' lang='lat' dir='ltr'>a</span> <span class='ocrx_word' id='word_1_276' title='bbox 1281 3203 1444 3269; x_wconf 89' lang='lat' dir='ltr'>recondita</span> <span class='ocrx_word' id='word_1_277' title='bbox 1466 3203 1654 3288; x_wconf 87' lang='lat' dir='ltr'>Graecaque</span> <span class='ocrx_word' id='word_1_278' title='bbox 1677 3206 1821 3272; x_wconf 89' lang='lat' dir='ltr'>doctrina</span> 
     </span>
     <span class='ocr_line' id='line_1_25' title="bbox 199 3322 1821 3408; baseline 0.001 -18"><span class='ocrx_word' id='word_1_279' title='bbox 199 3329 297 3390; x_wconf 90' lang='lat' dir='ltr'>totum</span> <span class='ocrx_word' id='word_1_280' title='bbox 320 3324 491 3390; x_wconf 89' lang='lat' dir='ltr'>abhorrere</span> <span class='ocrx_word' id='word_1_281' title='bbox 513 3343 616 3407; x_wconf 90' lang='lat' dir='ltr'>neque</span> <span class='ocrx_word' id='word_1_282' title='bbox 638 3322 792 3388; x_wconf 91' lang='lat' dir='ltr'>habuisse</span> <span class='ocrx_word' id='word_1_283' title='bbox 813 3323 877 3388; x_wconf 92' lang='lat' dir='ltr'>nisi</span> <span class='ocrx_word' id='word_1_284' title='bbox 899 3322 1126 3388; x_wconf 87' lang='lat' dir='ltr'>commentaria</span> <span class='ocrx_word' id='word_1_285' title='bbox 1148 3322 1204 3387; x_wconf 93' lang='lat' dir='ltr'>illo</span> <span class='ocrx_word' id='word_1_286' title='bbox 1226 3324 1356 3389; x_wconf 88' lang='lat' dir='ltr'>saeculo</span> <span class='ocrx_word' id='word_1_287' title='bbox 1385 3326 1484 3408; x_wconf 90' lang='lat' dir='ltr'>vulgo</span> <span class='ocrx_word' id='word_1_288' title='bbox 1511 3325 1630 3390; x_wconf 89' lang='lat' dir='ltr'>usitata</span> <span class='ocrx_word' id='word_1_289' title='bbox 1654 3332 1687 3391; x_wconf 91' lang='lat' dir='ltr'>ct</span> <span class='ocrx_word' id='word_1_290' title='bbox 1715 3326 1821 3392; x_wconf 90' lang='lat' dir='ltr'>adhuc</span> 
     </span>
     <span class='ocr_line' id='line_1_26' title="bbox 199 3442 1822 3528; baseline 0.003 -20"><span class='ocrx_word' id='word_1_291' title='bbox 199 3443 266 3509; x_wconf 89' lang='lat' dir='ltr'>fere</span> <span class='ocrx_word' id='word_1_292' title='bbox 282 3450 419 3527; x_wconf 87' lang='lat' dir='ltr'>servata,</span> <span class='ocrx_word' id='word_1_293' title='bbox 445 3443 598 3527; x_wconf 92' lang='lat' dir='ltr'>quidquid</span> <span class='ocrx_word' id='word_1_294' title='bbox 621 3444 710 3509; x_wconf 86' lang='lat' dir='ltr'>venit</span> <span class='ocrx_word' id='word_1_295' title='bbox 730 3465 751 3508; x_wconf 86' lang='lat' dir='ltr'>a</span> <span class='ocrx_word' id='word_1_296' title='bbox 772 3442 891 3526; x_wconf 87' lang='lat' dir='ltr'>Prisce,</span> <span class='ocrx_word' id='word_1_297' title='bbox 918 3443 1020 3508; x_wconf 89' lang='lat' dir='ltr'>Dione</span> <span class='ocrx_word' id='word_1_298' title='bbox 1042 3444 1144 3509; x_wconf 90' lang='lat' dir='ltr'>altero</span> <span class='ocrx_word' id='word_1_299' title='bbox 1159 3450 1239 3525; x_wconf 89' lang='lat' dir='ltr'>utro,</span> <span class='ocrx_word' id='word_1_300' title='bbox 1265 3443 1431 3528; x_wconf 88' lang='lat' dir='ltr'>Strabone,</span> <span class='ocrx_word' id='word_1_301' title='bbox 1457 3445 1651 3528; x_wconf 90' lang='lat' dir='ltr'>Ptolemaeo,</span> <span class='ocrx_word' id='word_1_302' title='bbox 1677 3446 1758 3512; x_wconf 92' lang='lat' dir='ltr'>mihi</span> <span class='ocrx_word' id='word_1_303' title='bbox 1772 3454 1822 3513; x_wconf 91' lang='lat' dir='ltr'>est</span> 
     </span>
     <span class='ocr_line' id='line_1_27' title="bbox 201 3562 1820 3649; baseline 0.002 -21"><span class='ocrx_word' id='word_1_304' title='bbox 201 3562 408 3630; x_wconf 81' lang='lat' dir='ltr'>Cassiodorii.</span> <span class='ocrx_word' id='word_1_305' title='bbox 447 3565 483 3629; x_wconf 93' lang='lat' dir='ltr'>id</span> <span class='ocrx_word' id='word_1_306' title='bbox 504 3564 610 3648; x_wconf 92' lang='lat' dir='ltr'>ipsum</span> <span class='ocrx_word' id='word_1_307' title='bbox 632 3564 780 3649; x_wconf 85' lang='lat' dir='ltr'>pervenit</span> <span class='ocrx_word' id='word_1_308' title='bbox 801 3563 842 3628; x_wconf 92' lang='lat' dir='ltr'>ad</span> <span class='ocrx_word' id='word_1_309' title='bbox 858 3563 1060 3628; x_wconf 88' lang='lat' dir='ltr'>Ammianum</span> <span class='ocrx_word' id='word_1_310' title='bbox 1083 3570 1116 3630; x_wconf 91' lang='lat' dir='ltr'>et</span> <span class='ocrx_word' id='word_1_311' title='bbox 1129 3564 1301 3629; x_wconf 85' lang='lat' dir='ltr'>Ablabium</span> <span class='ocrx_word' id='word_1_312' title='bbox 1325 3570 1357 3630; x_wconf 88' lang='lat' dir='ltr'>et</span> <span class='ocrx_word' id='word_1_313' title='bbox 1378 3565 1405 3630; x_wconf 94' lang='lat' dir='ltr'>si</span> <span class='ocrx_word' id='word_1_314' title='bbox 1428 3566 1482 3648; x_wconf 90' lang='lat' dir='ltr'>qui</span> <span class='ocrx_word' id='word_1_315' title='bbox 1498 3565 1618 3631; x_wconf 90' lang='lat' dir='ltr'>similes</span> <span class='ocrx_word' id='word_1_316' title='bbox 1633 3573 1718 3648; x_wconf 83' lang='lat' dir='ltr'>sunt,</span> <span class='ocrx_word' id='word_1_317' title='bbox 1743 3567 1820 3632; x_wconf 95' lang='lat' dir='ltr'>item</span> 
     </span>
     <span class='ocr_line' id='line_1_28' title="bbox 199 3682 1821 3771; baseline 0.004 -24"><span class='ocrx_word' id='word_1_318' title='bbox 199 3682 243 3747; x_wconf 88' lang='lat' dir='ltr'>ad</span> <span class='ocrx_word' id='word_1_319' title='bbox 265 3704 409 3767; x_wconf 88' lang='lat' dir='ltr'>eaquae</span> <span class='ocrx_word' id='word_1_320' title='bbox 431 3705 503 3750; x_wconf 93' lang='lat' dir='ltr'>cum</span> <span class='ocrx_word' id='word_1_321' title='bbox 524 3685 637 3750; x_wconf 88' lang='lat' dir='ltr'>horum</span> <span class='ocrx_word' id='word_1_322' title='bbox 659 3684 817 3769; x_wconf 83' lang='lat' dir='ltr'>excerptis</span> <span class='ocrx_word' id='word_1_323' title='bbox 839 3684 885 3750; x_wconf 89' lang='lat' dir='ltr'>ita</span> <span class='ocrx_word' id='word_1_324' title='bbox 907 3683 1075 3750; x_wconf 90' lang='lat' dir='ltr'>coniuncta</span> <span class='ocrx_word' id='word_1_325' title='bbox 1097 3690 1179 3766; x_wconf 91' lang='lat' dir='ltr'>sunt,</span> <span class='ocrx_word' id='word_1_326' title='bbox 1213 3692 1248 3751; x_wconf 93' lang='lat' dir='ltr'>ut</span> <span class='ocrx_word' id='word_1_327' title='bbox 1269 3685 1344 3750; x_wconf 91' lang='lat' dir='ltr'>inde</span> <span class='ocrx_word' id='word_1_328' title='bbox 1367 3684 1478 3750; x_wconf 87' lang='lat' dir='ltr'>divelli</span> <span class='ocrx_word' id='word_1_329' title='bbox 1500 3693 1678 3768; x_wconf 88' lang='lat' dir='ltr'>nequeant;</span> <span class='ocrx_word' id='word_1_330' title='bbox 1705 3688 1821 3771; x_wconf 90' lang='lat' dir='ltr'>quibus</span> 
     </span>
     <span class='ocr_line' id='line_1_29' title="bbox 201 3803 1822 3889; baseline 0.001 -19"><span class='ocrx_word' id='word_1_331' title='bbox 201 3803 378 3887; x_wconf 80' lang='lat' dir='ltr'>originibus</span> <span class='ocrx_word' id='word_1_332' title='bbox 400 3825 462 3870; x_wconf 95' lang='lat' dir='ltr'>non</span> <span class='ocrx_word' id='word_1_333' title='bbox 478 3805 582 3871; x_wconf 92' lang='lat' dir='ltr'>solum</span> <span class='ocrx_word' id='word_1_334' title='bbox 597 3805 718 3886; x_wconf 91' lang='lat' dir='ltr'>melior,</span> <span class='ocrx_word' id='word_1_335' title='bbox 745 3805 803 3871; x_wconf 91' lang='lat' dir='ltr'>sed</span> <span class='ocrx_word' id='word_1_336' title='bbox 819 3804 915 3870; x_wconf 89' lang='lat' dir='ltr'>etiam</span> <span class='ocrx_word' id='word_1_337' title='bbox 932 3805 1026 3888; x_wconf 90' lang='lat' dir='ltr'>longe</span> <span class='ocrx_word' id='word_1_338' title='bbox 1041 3804 1141 3869; x_wconf 90' lang='lat' dir='ltr'>maior</span> <span class='ocrx_word' id='word_1_339' title='bbox 1155 3824 1230 3889; x_wconf 90' lang='lat' dir='ltr'>pars</span> <span class='ocrx_word' id='word_1_340' title='bbox 1246 3804 1348 3869; x_wconf 92' lang='lat' dir='ltr'>libelli</span> <span class='ocrx_word' id='word_1_341' title='bbox 1364 3805 1467 3869; x_wconf 79' lang='lat' dir='ltr'>Getici</span> <span class='ocrx_word' id='word_1_342' title='bbox 1482 3805 1671 3871; x_wconf 89' lang='lat' dir='ltr'>continetur.</span> <span class='ocrx_word' id='word_1_343' title='bbox 1710 3828 1729 3873; x_wconf 89' lang='lat' dir='ltr'>e</span> <span class='ocrx_word' id='word_1_344' title='bbox 1745 3829 1822 3874; x_wconf 92' lang='lat' dir='ltr'>con-</span> 
     </span>
     <span class='ocr_line' id='line_1_30' title="bbox 199 3923 1822 4011; baseline 0.002 -21"><span class='ocrx_word' id='word_1_345' title='bbox 199 3925 295 3990; x_wconf 88' lang='lat' dir='ltr'>trario</span> <span class='ocrx_word' id='word_1_346' title='bbox 314 3923 358 3990; x_wconf 92' lang='lat' dir='ltr'>ad</span> <span class='ocrx_word' id='word_1_347' title='bbox 374 3924 645 4010; x_wconf 88' lang='lat' dir='ltr'>deprehendenda</span> <span class='ocrx_word' id='word_1_348' title='bbox 659 3925 788 3990; x_wconf 89' lang='lat' dir='ltr'>Iordaui</span> <span class='ocrx_word' id='word_1_349' title='bbox 810 3924 938 4010; x_wconf 89' lang='lat' dir='ltr'>propria</span> <span class='ocrx_word' id='word_1_350' title='bbox 959 3923 1222 4010; x_wconf 89' lang='lat' dir='ltr'>proficiscendum</span> <span class='ocrx_word' id='word_1_351' title='bbox 1238 3931 1288 3989; x_wconf 94' lang='lat' dir='ltr'>est</span> <span class='ocrx_word' id='word_1_352' title='bbox 1301 3945 1322 3989; x_wconf 90' lang='lat' dir='ltr'>a</span> <span class='ocrx_word' id='word_1_353' title='bbox 1337 3924 1448 3989; x_wconf 89' lang='lat' dir='ltr'>libello</span> <span class='ocrx_word' id='word_1_354' title='bbox 1463 3926 1605 3991; x_wconf 87' lang='lat' dir='ltr'>Romano</span> <span class='ocrx_word' id='word_1_355' title='bbox 1621 3947 1762 4011; x_wconf 92' lang='lat' dir='ltr'>quosque</span> <span class='ocrx_word' id='word_1_356' title='bbox 1778 3929 1822 3993; x_wconf 92' lang='lat' dir='ltr'>ibi</span> 
     </span>
     <span class='ocr_line' id='line_1_31' title="bbox 200 4025 1819 4132; baseline 0.004 -23"><span class='ocrx_word' id='word_1_357' title='bbox 200 4044 348 4111; x_wconf 90' lang='lat' dir='ltr'>adhibuit</span> <span class='ocrx_word' id='word_1_358' title='bbox 377 4052 534 4128; x_wconf 89' lang='lat' dir='ltr'>auctores,</span> <span class='ocrx_word' id='word_1_359' title='bbox 560 4066 668 4111; x_wconf 90' lang='lat' dir='ltr'>eorum</span> <span class='ocrx_word' id='word_1_360' title='bbox 692 4025 843 4129; x_wconf 78' lang='lat' dir='ltr'>excerpta</span> <span class='ocrx_word' id='word_1_361' title='bbox 865 4045 986 4110; x_wconf 88' lang='lat' dir='ltr'>Geticis</span> <span class='ocrx_word' id='word_1_362' title='bbox 1007 4045 1128 4110; x_wconf 88' lang='lat' dir='ltr'>inserta</span> <span class='ocrx_word' id='word_1_363' title='bbox 1150 4044 1321 4110; x_wconf 88' lang='lat' dir='ltr'>videndum</span> <span class='ocrx_word' id='word_1_364' title='bbox 1353 4051 1402 4110; x_wconf 91' lang='lat' dir='ltr'>est</span> <span class='ocrx_word' id='word_1_365' title='bbox 1423 4066 1498 4110; x_wconf 94' lang='lat' dir='ltr'>num</span> <span class='ocrx_word' id='word_1_366' title='bbox 1522 4045 1598 4111; x_wconf 92' lang='lat' dir='ltr'>item</span> <span class='ocrx_word' id='word_1_367' title='bbox 1620 4047 1722 4132; x_wconf 89' lang='lat' dir='ltr'>ipsius</span> <span class='ocrx_word' id='word_1_368' title='bbox 1744 4050 1819 4116; x_wconf 92' lang='lat' dir='ltr'>sint.</span> 
     </span>
     <span class='ocr_line' id='line_1_32' title="bbox 201 4163 1822 4249; baseline 0.004 -20"><span class='ocrx_word' id='word_1_369' title='bbox 201 4164 235 4229; x_wconf 90' lang='lat' dir='ltr'>id</span> <span class='ocrx_word' id='word_1_370' title='bbox 262 4165 348 4249; x_wconf 92' lang='lat' dir='ltr'>quod</span> <span class='ocrx_word' id='word_1_371' title='bbox 370 4186 432 4230; x_wconf 94' lang='lat' dir='ltr'>uno</span> <span class='ocrx_word' id='word_1_372' title='bbox 454 4167 523 4231; x_wconf 91' lang='lat' dir='ltr'>loco</span> <span class='ocrx_word' id='word_1_373' title='bbox 546 4166 624 4231; x_wconf 92' lang='lat' dir='ltr'>mibi</span> <span class='ocrx_word' id='word_1_374' title='bbox 646 4165 774 4231; x_wconf 83' lang='lat' dir='ltr'>videtur</span> <span class='ocrx_word' id='word_1_375' title='bbox 794 4173 885 4231; x_wconf 75' lang='lat' dir='ltr'>caba</span> <span class='ocrx_word' id='word_1_376' title='bbox 906 4166 1038 4230; x_wconf 90' lang='lat' dir='ltr'>dubium</span> <span class='ocrx_word' id='word_1_377' title='bbox 1062 4185 1145 4246; x_wconf 89' lang='lat' dir='ltr'>esse,</span> <span class='ocrx_word' id='word_1_378' title='bbox 1172 4163 1244 4230; x_wconf 93' lang='lat' dir='ltr'>dico</span> <span class='ocrx_word' id='word_1_379' title='bbox 1265 4165 1299 4229; x_wconf 94' lang='lat' dir='ltr'>in</span> <span class='ocrx_word' id='word_1_380' title='bbox 1321 4166 1501 4232; x_wconf 88' lang='lat' dir='ltr'>narratione</span> <span class='ocrx_word' id='word_1_381' title='bbox 1523 4166 1564 4231; x_wconf 92' lang='lat' dir='ltr'>de</span> <span class='ocrx_word' id='word_1_382' title='bbox 1587 4175 1687 4234; x_wconf 89' lang='lat' dir='ltr'>morte</span> <span class='ocrx_word' id='word_1_383' title='bbox 1702 4170 1822 4235; x_wconf 90' lang='lat' dir='ltr'>Valen-</span> 
     </span>
     <span class='ocr_line' id='line_1_33' title="bbox 199 4284 1822 4373; baseline 0.004 -24"><span class='ocrx_word' id='word_1_384' title='bbox 199 4284 253 4349; x_wconf 86' lang='lat' dir='ltr'>tIs.</span> <span class='ocrx_word' id='word_1_385' title='bbox 299 4306 371 4351; x_wconf 91' lang='lat' dir='ltr'>earn</span> <span class='ocrx_word' id='word_1_386' title='bbox 392 4286 425 4351; x_wconf 89' lang='lat' dir='ltr'>in</span> <span class='ocrx_word' id='word_1_387' title='bbox 448 4287 590 4351; x_wconf 87' lang='lat' dir='ltr'>Romano</span> <span class='ocrx_word' id='word_1_388' title='bbox 612 4287 722 4352; x_wconf 90' lang='lat' dir='ltr'>libello</span> <span class='ocrx_word' id='word_1_389' title='bbox 745 4306 773 4351; x_wconf 92' lang='lat' dir='ltr'>c.</span> <span class='ocrx_word' id='word_1_390' title='bbox 799 4288 860 4349; x_wconf 76' lang='lat'>314</span> <span class='ocrx_word' id='word_1_391' title='bbox 884 4285 1016 4351; x_wconf 90' lang='lat' dir='ltr'>totidem</span> <span class='ocrx_word' id='word_1_392' title='bbox 1039 4285 1145 4351; x_wconf 89' lang='lat' dir='ltr'>verbis</span> <span class='ocrx_word' id='word_1_393' title='bbox 1168 4286 1338 4370; x_wconf 89' lang='lat' dir='ltr'>descripsit</span> <span class='ocrx_word' id='word_1_394' title='bbox 1360 4307 1399 4352; x_wconf 83' lang='lat' dir='ltr'>cx</span> <span class='ocrx_word' id='word_1_395' title='bbox 1422 4287 1549 4353; x_wconf 90' lang='lat' dir='ltr'>Victore</span> <span class='ocrx_word' id='word_1_396' title='bbox 1572 4289 1762 4373; x_wconf 85' lang='lat' dir='ltr'>epitomate,</span> <span class='ocrx_word' id='word_1_397' title='bbox 1789 4291 1822 4356; x_wconf 95' lang='lat' dir='ltr'>in</span> 
     </span>
    </p>
   </div>
   <div class='ocr_carea' id='block_1_3' title="bbox 202 4489 612 4497">
    <p class='ocr_par' dir='ltr' id='par_1_5' title="bbox 202 4489 612 4497">
     <span class='ocr_line' id='line_1_34' title="bbox 202 4489 612 4497; baseline -0.002 -2"><span class='ocrx_word' id='word_1_398' title='bbox 202 4489 494 4497; x_wconf 74' lang='grc'>-..-.--.-.-...--.</span> <span class='ocrx_word' id='word_1_399' title='bbox 522 4489 612 4495; x_wconf 74' lang='grc'><em>..,-,--</em></span> 
     </span>
    </p>
   </div>
   <div class='ocr_carea' id='block_1_4' title="bbox 198 4616 1825 5539">
    <p class='ocr_par' dir='ltr' id='par_1_6' title="bbox 198 4616 1825 5280">
     <span class='ocr_line' id='line_1_35' title="bbox 203 4616 1825 4682; baseline 0.003 -17"><span class='ocrx_word' id='word_1_400' title='bbox 203 4617 264 4665; x_wconf 86' lang='lat' dir='ltr'>iecit</span> <span class='ocrx_word' id='word_1_401' title='bbox 281 4617 332 4665; x_wconf 88' lang='lat' dir='ltr'>nisi</span> <span class='ocrx_word' id='word_1_402' title='bbox 350 4618 416 4678; x_wconf 89' lang='lat' dir='ltr'>quod</span> <span class='ocrx_word' id='word_1_403' title='bbox 433 4619 586 4666; x_wconf 79' lang='lat' dir='ltr'>calamistros</span> <span class='ocrx_word' id='word_1_404' title='bbox 604 4619 729 4666; x_wconf 85' lang='lat' dir='ltr'>rhetorum</span> <span class='ocrx_word' id='word_1_405' title='bbox 748 4616 930 4665; x_wconf 88' lang='lat' dir='ltr'>Gallicanorum</span> <span class='ocrx_word' id='word_1_406' title='bbox 949 4618 977 4664; x_wconf 91' lang='lat' dir='ltr'>ln</span> <span class='ocrx_word' id='word_1_407' title='bbox 994 4619 1076 4664; x_wconf 85' lang='lat' dir='ltr'>aulam</span> <span class='ocrx_word' id='word_1_408' title='bbox 1095 4618 1160 4678; x_wconf 84' lang='lat' dir='ltr'>regis</span> <span class='ocrx_word' id='word_1_409' title='bbox 1179 4617 1278 4667; x_wconf 86' lang='lat' dir='ltr'>Gothici</span> <span class='ocrx_word' id='word_1_410' title='bbox 1299 4619 1428 4667; x_wconf 84' lang='lat' dir='ltr'>transtullt</span> <span class='ocrx_word' id='word_1_411' title='bbox 1446 4625 1472 4667; x_wconf 93' lang='lat' dir='ltr'>et</span> <span class='ocrx_word' id='word_1_412' title='bbox 1489 4621 1609 4682; x_wconf 87' lang='lat' dir='ltr'>rescripta</span> <span class='ocrx_word' id='word_1_413' title='bbox 1627 4621 1712 4668; x_wconf 82' lang='lat' dir='ltr'>emisit</span> <span class='ocrx_word' id='word_1_414' title='bbox 1729 4621 1825 4670; x_wconf 87' lang='lat' dir='ltr'>schola-</span> 
     </span>
     <span class='ocr_line' id='line_1_36' title="bbox 199 4703 1824 4767; baseline 0.002 -16"><span class='ocrx_word' id='word_1_415' title='bbox 199 4704 262 4751; x_wconf 90' lang='lat' dir='ltr'>stlca</span> <span class='ocrx_word' id='word_1_416' title='bbox 279 4703 426 4764; x_wconf 85' lang='lat' dir='ltr'>eloquentia</span> <span class='ocrx_word' id='word_1_417' title='bbox 444 4708 488 4751; x_wconf 88' lang='lat' dir='ltr'>aut</span> <span class='ocrx_word' id='word_1_418' title='bbox 506 4709 591 4751; x_wconf 86' lang='lat' dir='ltr'>ornata</span> <span class='ocrx_word' id='word_1_419' title='bbox 608 4708 652 4750; x_wconf 88' lang='lat' dir='ltr'>aut</span> <span class='ocrx_word' id='word_1_420' title='bbox 669 4708 791 4764; x_wconf 88' lang='lat' dir='ltr'>corrupta.</span> <span class='ocrx_word' id='word_1_421' title='bbox 830 4704 921 4751; x_wconf 89' lang='lat' dir='ltr'>saeculi</span> <span class='ocrx_word' id='word_1_422' title='bbox 948 4704 1030 4764; x_wconf 86' lang='lat' dir='ltr'>quarti</span> <span class='ocrx_word' id='word_1_423' title='bbox 1054 4707 1079 4751; x_wconf 90' lang='lat' dir='ltr'>at</span> <span class='ocrx_word' id='word_1_424' title='bbox 1103 4705 1187 4764; x_wconf 91' lang='lat' dir='ltr'>quinti</span> <span class='ocrx_word' id='word_1_425' title='bbox 1210 4704 1292 4765; x_wconf 83' lang='lat' dir='ltr'>leges,</span> <span class='ocrx_word' id='word_1_426' title='bbox 1318 4706 1427 4753; x_wconf 82' lang='lat' dir='ltr'>mantmc</span> <span class='ocrx_word' id='word_1_427' title='bbox 1450 4719 1515 4766; x_wconf 87' lang='lat' dir='ltr'>quae</span> <span class='ocrx_word' id='word_1_428' title='bbox 1534 4706 1645 4766; x_wconf 77' lang='lat' dir='ltr'>integrae</span> <span class='ocrx_word' id='word_1_429' title='bbox 1663 4711 1767 4767; x_wconf 82' lang='lat' dir='ltr'>extant,</span> <span class='ocrx_word' id='word_1_430' title='bbox 1794 4712 1824 4755; x_wconf 87' lang='lat' dir='ltr'>ut</span> 
     </span>
     <span class='ocr_line' id='line_1_37' title="bbox 200 4787 1823 4854; baseline 0.003 -18"><span class='ocrx_word' id='word_1_431' title='bbox 200 4787 347 4836; x_wconf 80' lang='lat' dir='ltr'>Diedcttani</span> <span class='ocrx_word' id='word_1_432' title='bbox 365 4789 564 4850; x_wconf 83' lang='lat' dir='ltr'>collegarumque</span> <span class='ocrx_word' id='word_1_433' title='bbox 583 4790 613 4836; x_wconf 93' lang='lat' dir='ltr'>dc</span> <span class='ocrx_word' id='word_1_434' title='bbox 631 4789 719 4850; x_wconf 88' lang='lat' dir='ltr'>pretiis</span> <span class='ocrx_word' id='word_1_435' title='bbox 736 4802 819 4836; x_wconf 81' lang='lat' dir='ltr'>reruni</span> <span class='ocrx_word' id='word_1_436' title='bbox 839 4789 967 4836; x_wconf 84' lang='lat' dir='ltr'>venalium</span> <span class='ocrx_word' id='word_1_437' title='bbox 984 4795 1011 4837; x_wconf 89' lang='lat' dir='ltr'>at</span> <span class='ocrx_word' id='word_1_438' title='bbox 1029 4789 1141 4838; x_wconf 86' lang='lat' dir='ltr'>novellae</span> <span class='ocrx_word' id='word_1_439' title='bbox 1160 4789 1360 4849; x_wconf 81' lang='lat' dir='ltr'>Theudosianas,</span> <span class='ocrx_word' id='word_1_440' title='bbox 1380 4791 1475 4839; x_wconf 87' lang='lat' dir='ltr'>similla</span> <span class='ocrx_word' id='word_1_441' title='bbox 1493 4792 1571 4839; x_wconf 92' lang='lat' dir='ltr'>multa</span> <span class='ocrx_word' id='word_1_442' title='bbox 1590 4792 1697 4852; x_wconf 89' lang='lat' dir='ltr'>habent,</span> <span class='ocrx_word' id='word_1_443' title='bbox 1718 4794 1823 4854; x_wconf 90' lang='lat' dir='ltr'>scripto·</span> 
     </span>
     <span class='ocr_line' id='line_1_38' title="bbox 199 4875 1823 4938; baseline 0.003 -16"><span class='ocrx_word' id='word_1_444' title='bbox 199 4888 288 4936; x_wconf 84' lang='lat' dir='ltr'>resque</span> <span class='ocrx_word' id='word_1_445' title='bbox 306 4889 407 4938; x_wconf 85' lang='lat' dir='ltr'>quoquc</span> <span class='ocrx_word' id='word_1_446' title='bbox 425 4877 480 4922; x_wconf 91' lang='lat' dir='ltr'>eius</span> <span class='ocrx_word' id='word_1_447' title='bbox 499 4876 602 4933; x_wconf 83' lang='lat' dir='ltr'>saeculi,</span> <span class='ocrx_word' id='word_1_448' title='bbox 621 4876 665 4937; x_wconf 86' lang='lat' dir='ltr'>qul</span> <span class='ocrx_word' id='word_1_449' title='bbox 684 4875 785 4935; x_wconf 92' lang='lat' dir='ltr'>quidem</span> <span class='ocrx_word' id='word_1_450' title='bbox 803 4876 927 4922; x_wconf 88' lang='lat' dir='ltr'>eiusmodi</span> <span class='ocrx_word' id='word_1_451' title='bbox 945 4876 1075 4922; x_wconf 87' lang='lat' dir='ltr'>cincinnos</span> <span class='ocrx_word' id='word_1_452' title='bbox 1093 4881 1229 4937; x_wconf 90' lang='lat' dir='ltr'>sectantur,</span> <span class='ocrx_word' id='word_1_453' title='bbox 1250 4876 1299 4923; x_wconf 90' lang='lat' dir='ltr'>sibi</span> <span class='ocrx_word' id='word_1_454' title='bbox 1318 4876 1440 4925; x_wconf 88' lang='lat' dir='ltr'>simillimi</span> <span class='ocrx_word' id='word_1_455' title='bbox 1458 4881 1527 4927; x_wconf 91' lang='lat' dir='ltr'>sunt.</span> <span class='ocrx_word' id='word_1_456' title='bbox 1559 4877 1638 4924; x_wconf 87' lang='lat' dir='ltr'>multa</span> <span class='ocrx_word' id='word_1_457' title='bbox 1655 4880 1710 4926; x_wconf 89' lang='lat' dir='ltr'>cius</span> <span class='ocrx_word' id='word_1_458' title='bbox 1722 4880 1823 4938; x_wconf 85' lang='lat' dir='ltr'>generis</span> 
     </span>
     <span class='ocr_line' id='line_1_39' title="bbox 198 4961 1822 5025; baseline 0.002 -15"><span class='ocrx_word' id='word_1_459' title='bbox 198 4961 274 5010; x_wconf 91' lang='lat' dir='ltr'>habet</span> <span class='ocrx_word' id='word_1_460' title='bbox 291 4961 439 5009; x_wconf 76' lang='lat' dir='ltr'>Ammianus</span> <span class='ocrx_word' id='word_1_461' title='bbox 458 4961 507 5008; x_wconf 87' lang='lat' dir='ltr'>alia</span> <span class='ocrx_word' id='word_1_462' title='bbox 525 4962 548 5008; x_wconf 89' lang='lat' dir='ltr'>si</span> <span class='ocrx_word' id='word_1_463' title='bbox 567 4974 615 5008; x_wconf 91' lang='lat' dir='ltr'>non</span> <span class='ocrx_word' id='word_1_464' title='bbox 634 4962 748 5023; x_wconf 84' lang='lat' dir='ltr'>egregia,</span> <span class='ocrx_word' id='word_1_465' title='bbox 777 4966 845 5009; x_wconf 90' lang='lat' dir='ltr'>certe</span> <span class='ocrx_word' id='word_1_466' title='bbox 863 4963 1005 5023; x_wconf 85' lang='lat' dir='ltr'>ingentesa,</span> <span class='ocrx_word' id='word_1_467' title='bbox 1027 4962 1075 5009; x_wconf 88' lang='lat' dir='ltr'>alia</span> <span class='ocrx_word' id='word_1_468' title='bbox 1093 4964 1197 5010; x_wconf 90' lang='lat' dir='ltr'>obscura</span> <span class='ocrx_word' id='word_1_469' title='bbox 1215 4967 1241 5010; x_wconf 90' lang='lat' dir='ltr'>ct</span> <span class='ocrx_word' id='word_1_470' title='bbox 1258 4963 1385 5025; x_wconf 80' lang='lat' dir='ltr'>perplexa.</span> <span class='ocrx_word' id='word_1_471' title='bbox 1423 4963 1466 5011; x_wconf 87' lang='lat' dir='ltr'>sad</span> <span class='ocrx_word' id='word_1_472' title='bbox 1485 4968 1514 5010; x_wconf 91' lang='lat' dir='ltr'>ut</span> <span class='ocrx_word' id='word_1_473' title='bbox 1531 4969 1656 5011; x_wconf 89' lang='lat' dir='ltr'>auctorem</span> <span class='ocrx_word' id='word_1_474' title='bbox 1675 4965 1704 5011; x_wconf 89' lang='lat' dir='ltr'>ab</span> <span class='ocrx_word' id='word_1_475' title='bbox 1723 4971 1822 5013; x_wconf 89' lang='lat' dir='ltr'>auctore</span> 
     </span>
     <span class='ocr_line' id='line_1_40' title="bbox 199 5046 1824 5112; baseline 0.002 -17"><span class='ocrx_word' id='word_1_476' title='bbox 199 5048 227 5095; x_wconf 93' lang='lat' dir='ltr'>ln</span> <span class='ocrx_word' id='word_1_477' title='bbox 245 5047 338 5095; x_wconf 88' lang='lat' dir='ltr'>talibus</span> <span class='ocrx_word' id='word_1_478' title='bbox 356 5061 406 5096; x_wconf 90' lang='lat' dir='ltr'>non</span> <span class='ocrx_word' id='word_1_479' title='bbox 424 5047 496 5094; x_wconf 89' lang='lat' dir='ltr'>iacile</span> <span class='ocrx_word' id='word_1_480' title='bbox 514 5046 661 5108; x_wconf 81' lang='lat' dir='ltr'>distIngnss,</span> <span class='ocrx_word' id='word_1_481' title='bbox 683 5046 758 5094; x_wconf 90' lang='lat' dir='ltr'>immo</span> <span class='ocrx_word' id='word_1_482' title='bbox 776 5053 860 5107; x_wconf 87' lang='lat' dir='ltr'>aperte</span> <span class='ocrx_word' id='word_1_483' title='bbox 878 5052 1025 5107; x_wconf 84' lang='lat' dir='ltr'>agnoscatur</span> <span class='ocrx_word' id='word_1_484' title='bbox 1043 5047 1188 5096; x_wconf 89' lang='lat' dir='ltr'>scholastica</span> <span class='ocrx_word' id='word_1_485' title='bbox 1207 5048 1339 5110; x_wconf 85' lang='lat' dir='ltr'>disciplina</span> <span class='ocrx_word' id='word_1_486' title='bbox 1356 5049 1383 5096; x_wconf 90' lang='lat' dir='ltr'>ln</span> <span class='ocrx_word' id='word_1_487' title='bbox 1402 5050 1547 5096; x_wconf 87' lang='lat' dir='ltr'>uuiversum</span> <span class='ocrx_word' id='word_1_488' title='bbox 1566 5049 1663 5112; x_wconf 83' lang='lat' dir='ltr'>parilis,</span> <span class='ocrx_word' id='word_1_489' title='bbox 1684 5050 1719 5097; x_wconf 85' lang='lat' dir='ltr'>ita</span> <span class='ocrx_word' id='word_1_490' title='bbox 1732 5051 1824 5099; x_wconf 83' lang='lat' dir='ltr'>facilli-</span> 
     </span>
     <span class='ocr_line' id='line_1_41' title="bbox 200 5133 1823 5196; baseline 0.003 -15"><span class='ocrx_word' id='word_1_491' title='bbox 200 5147 269 5182; x_wconf 88' lang='lat' dir='ltr'>mum</span> <span class='ocrx_word' id='word_1_492' title='bbox 287 5138 327 5182; x_wconf 88' lang='lat' dir='ltr'>est</span> <span class='ocrx_word' id='word_1_493' title='bbox 344 5134 401 5181; x_wconf 90' lang='lat' dir='ltr'>elus</span> <span class='ocrx_word' id='word_1_494' title='bbox 419 5134 518 5192; x_wconf 81' lang='lat' dir='ltr'>genesta</span> <span class='ocrx_word' id='word_1_495' title='bbox 537 5134 670 5194; x_wconf 87' lang='lat' dir='ltr'>scriptores</span> <span class='ocrx_word' id='word_1_496' title='bbox 687 5133 845 5192; x_wconf 84' lang='lat' dir='ltr'>distinguere</span> <span class='ocrx_word' id='word_1_497' title='bbox 863 5135 894 5181; x_wconf 88' lang='lat' dir='ltr'>ab</span> <span class='ocrx_word' id='word_1_498' title='bbox 912 5135 946 5182; x_wconf 89' lang='lat' dir='ltr'>iis</span> <span class='ocrx_word' id='word_1_499' title='bbox 964 5135 1008 5196; x_wconf 90' lang='lat' dir='ltr'>qui</span> <span class='ocrx_word' id='word_1_500' title='bbox 1026 5135 1151 5182; x_wconf 88' lang='lat' dir='ltr'>communi</span> <span class='ocrx_word' id='word_1_501' title='bbox 1170 5142 1197 5182; x_wconf 90' lang='lat' dir='ltr'>ct</span> <span class='ocrx_word' id='word_1_502' title='bbox 1214 5135 1294 5196; x_wconf 84' lang='lat' dir='ltr'>tenui,</span> <span class='ocrx_word' id='word_1_503' title='bbox 1315 5149 1347 5183; x_wconf 90' lang='lat' dir='ltr'>nc</span> <span class='ocrx_word' id='word_1_504' title='bbox 1365 5134 1443 5183; x_wconf 84' lang='lat' dir='ltr'>dIcam</span> <span class='ocrx_word' id='word_1_505' title='bbox 1461 5135 1558 5196; x_wconf 81' lang='lat' dir='ltr'>vulgari</span> <span class='ocrx_word' id='word_1_506' title='bbox 1577 5142 1603 5183; x_wconf 89' lang='lat' dir='ltr'>et</span> <span class='ocrx_word' id='word_1_507' title='bbox 1623 5136 1685 5183; x_wconf 86' lang='lat' dir='ltr'>exili</span> <span class='ocrx_word' id='word_1_508' title='bbox 1700 5137 1823 5186; x_wconf 87' lang='lat' dir='ltr'>scribendi</span> 
     </span>
     <span class='ocr_line' id='line_1_42' title="bbox 199 5218 1754 5280; baseline 0.003 -14"><span class='ocrx_word' id='word_1_509' title='bbox 199 5233 289 5280; x_wconf 85' lang='lat' dir='ltr'>genere</span> <span class='ocrx_word' id='word_1_510' title='bbox 308 5220 355 5267; x_wconf 85' lang='lat' dir='ltr'>albi</span> <span class='ocrx_word' id='word_1_511' title='bbox 372 5219 537 5280; x_wconf 77' lang='lat' dir='ltr'>satisfaciunt,</span> <span class='ocrx_word' id='word_1_512' title='bbox 558 5219 646 5279; x_wconf 87' lang='lat' dir='ltr'>quales</span> <span class='ocrx_word' id='word_1_513' title='bbox 665 5222 724 5265; x_wconf 88' lang='lat' dir='ltr'>sunt</span> <span class='ocrx_word' id='word_1_514' title='bbox 743 5219 794 5266; x_wconf 89' lang='lat' dir='ltr'>lere</span> <span class='ocrx_word' id='word_1_515' title='bbox 813 5218 939 5265; x_wconf 86' lang='lat' dir='ltr'>annalium</span> <span class='ocrx_word' id='word_1_516' title='bbox 958 5224 1080 5278; x_wconf 88' lang='lat' dir='ltr'>auctores,</span> <span class='ocrx_word' id='word_1_517' title='bbox 1101 5226 1131 5268; x_wconf 92' lang='lat' dir='ltr'>ut</span> <span class='ocrx_word' id='word_1_518' title='bbox 1148 5220 1308 5269; x_wconf 81' lang='lat' dir='ltr'>Marcellinus</span> <span class='ocrx_word' id='word_1_519' title='bbox 1326 5225 1353 5268; x_wconf 92' lang='lat' dir='ltr'>et</span> <span class='ocrx_word' id='word_1_520' title='bbox 1370 5222 1482 5268; x_wconf 92' lang='lat' dir='ltr'>omnium</span> <span class='ocrx_word' id='word_1_521' title='bbox 1501 5221 1609 5268; x_wconf 82' lang='lat' dir='ltr'>maninus</span> <span class='ocrx_word' id='word_1_522' title='bbox 1627 5222 1754 5271; x_wconf 89' lang='lat' dir='ltr'>Iordanes.</span> 
     </span>
    </p>

    <p class='ocr_par' dir='ltr' id='par_1_7' title="bbox 200 5304 1825 5539">
     <span class='ocr_line' id='line_1_43' title="bbox 287 5304 1825 5370; baseline 0.002 -16"><span class='ocrx_word' id='word_1_523' title='bbox 287 5304 328 5366; x_wconf 84' lang='grc'>81)</span> <span class='ocrx_word' id='word_1_524' title='bbox 351 5304 482 5366; x_wconf 83' lang='lat' dir='ltr'>Propterea</span> <span class='ocrx_word' id='word_1_525' title='bbox 499 5318 583 5352; x_wconf 87' lang='lat' dir='ltr'>euram</span> <span class='ocrx_word' id='word_1_526' title='bbox 602 5305 650 5366; x_wconf 87' lang='lat' dir='ltr'>agl,</span> <span class='ocrx_word' id='word_1_527' title='bbox 671 5308 701 5352; x_wconf 93' lang='lat' dir='ltr'>ut</span> <span class='ocrx_word' id='word_1_528' title='bbox 718 5305 745 5351; x_wconf 91' lang='lat' dir='ltr'>in</span> <span class='ocrx_word' id='word_1_529' title='bbox 763 5305 808 5351; x_wconf 87' lang='lat' dir='ltr'>hac</span> <span class='ocrx_word' id='word_1_530' title='bbox 825 5305 936 5353; x_wconf 88' lang='lat' dir='ltr'>editione</span> <span class='ocrx_word' id='word_1_531' title='bbox 954 5306 1048 5368; x_wconf 87' lang='lat' dir='ltr'>potiora</span> <span class='ocrx_word' id='word_1_532' title='bbox 1067 5320 1129 5368; x_wconf 86' lang='lat' dir='ltr'>quaa</span> <span class='ocrx_word' id='word_1_533' title='bbox 1148 5306 1295 5355; x_wconf 88' lang='lat' dir='ltr'>Schirrcnus</span> <span class='ocrx_word' id='word_1_534' title='bbox 1313 5306 1441 5355; x_wconf 84' lang='lat' dir='ltr'>adnotavit</span> <span class='ocrx_word' id='word_1_535' title='bbox 1458 5312 1645 5370; x_wconf 86' lang='lat' dir='ltr'>repeterentur,</span> <span class='ocrx_word' id='word_1_536' title='bbox 1667 5309 1765 5357; x_wconf 89' lang='lat' dir='ltr'>scilicet</span> <span class='ocrx_word' id='word_1_537' title='bbox 1781 5310 1825 5357; x_wconf 89' lang='lat' dir='ltr'>nbi</span> 
     </span>
     <span class='ocr_line' id='line_1_44' title="bbox 200 5391 1824 5454; baseline 0.003 -15"><span class='ocrx_word' id='word_1_538' title='bbox 200 5391 325 5440; x_wconf 90' lang='lat' dir='ltr'>similibus</span> <span class='ocrx_word' id='word_1_539' title='bbox 342 5391 402 5438; x_wconf 88' lang='lat' dir='ltr'>locis</span> <span class='ocrx_word' id='word_1_540' title='bbox 424 5391 565 5452; x_wconf 89' lang='lat' dir='ltr'>compositis</span> <span class='ocrx_word' id='word_1_541' title='bbox 588 5404 628 5438; x_wconf 89' lang='lat' dir='ltr'>res</span> <span class='ocrx_word' id='word_1_542' title='bbox 651 5391 818 5439; x_wconf 89' lang='lat' dir='ltr'>illustrantur.</span> <span class='ocrx_word' id='word_1_543' title='bbox 857 5392 923 5439; x_wconf 86' lang='lat' dir='ltr'>solae</span> <span class='ocrx_word' id='word_1_544' title='bbox 945 5393 1056 5450; x_wconf 86' lang='lat' dir='ltr'>argutiae</span> <span class='ocrx_word' id='word_1_545' title='bbox 1081 5395 1202 5441; x_wconf 88' lang='lat' dir='ltr'>sermonis</span> <span class='ocrx_word' id='word_1_546' title='bbox 1226 5395 1268 5441; x_wconf 90' lang='lat' dir='ltr'>ubi</span> <span class='ocrx_word' id='word_1_547' title='bbox 1293 5392 1473 5441; x_wconf 79' lang='lat' dir='ltr'>CassiodorIum</span> <span class='ocrx_word' id='word_1_548' title='bbox 1496 5393 1618 5454; x_wconf 85' lang='lat' dir='ltr'>produnt,</span> <span class='ocrx_word' id='word_1_549' title='bbox 1646 5408 1703 5442; x_wconf 92' lang='lat' dir='ltr'>cum</span> <span class='ocrx_word' id='word_1_550' title='bbox 1728 5400 1824 5445; x_wconf 86' lang='lat' dir='ltr'>attente</span> 
     </span>
     <span class='ocr_line' id='line_1_45' title="bbox 201 5477 1180 5539; baseline 0.003 -15"><span class='ocrx_word' id='word_1_551' title='bbox 201 5478 309 5537; x_wconf 83' lang='lat' dir='ltr'>legentis</span> <span class='ocrx_word' id='word_1_552' title='bbox 327 5479 439 5525; x_wconf 87' lang='lat' dir='ltr'>animum</span> <span class='ocrx_word' id='word_1_553' title='bbox 457 5478 529 5537; x_wconf 87' lang='lat' dir='ltr'>ipsae</span> <span class='ocrx_word' id='word_1_554' title='bbox 547 5477 647 5539; x_wconf 81' lang='lat' dir='ltr'>feriant,</span> <span class='ocrx_word' id='word_1_555' title='bbox 669 5479 797 5537; x_wconf 82' lang='lat' dir='ltr'>expressis</span> <span class='ocrx_word' id='word_1_556' title='bbox 817 5478 898 5524; x_wconf 87' lang='lat' dir='ltr'>verbis</span> <span class='ocrx_word' id='word_1_557' title='bbox 917 5478 948 5525; x_wconf 88' lang='lat' dir='ltr'>de</span> <span class='ocrx_word' id='word_1_558' title='bbox 966 5479 999 5525; x_wconf 88' lang='lat' dir='ltr'>iis</span> <span class='ocrx_word' id='word_1_559' title='bbox 1017 5492 1066 5526; x_wconf 89' lang='lat' dir='ltr'>non</span> <span class='ocrx_word' id='word_1_560' title='bbox 1085 5480 1180 5528; x_wconf 89' lang='lat' dir='ltr'>monui.</span> 
     </span>
    </p>
   </div>
   <div class='ocr_carea' id='block_1_5' title="bbox 288 5561 1918 5631">
    <p class='ocr_par' dir='ltr' id='par_1_8' title="bbox 288 5561 1918 5631">
     <span class='ocr_line' id='line_1_46' title="bbox 288 5561 1918 5631; baseline 0.003 -20"><span class='ocrx_word' id='word_1_561' title='bbox 288 5562 329 5623; x_wconf 76' lang='lat'>82&gt;</span> <span class='ocrx_word' id='word_1_562' title='bbox 350 5564 455 5625; x_wconf 89' lang='lat' dir='ltr'>Prosper</span> <span class='ocrx_word' id='word_1_563' title='bbox 468 5577 525 5610; x_wconf 92' lang='lat' dir='ltr'>cum</span> <span class='ocrx_word' id='word_1_564' title='bbox 539 5562 569 5609; x_wconf 86' lang='lat' dir='ltr'>ad</span> <span class='ocrx_word' id='word_1_565' title='bbox 581 5578 603 5612; x_wconf 86' lang='lat' dir='ltr'>a.</span> <span class='ocrx_word' id='word_1_566' title='bbox 617 5561 666 5610; x_wconf 74' lang='lat'>380</span> <span class='ocrx_word' id='word_1_567' title='bbox 679 5564 861 5611; x_wconf 88' lang='lat' dir='ltr'>adnotavisset:</span> <span class='ocrx_word' id='word_1_568' title='bbox 880 5565 1041 5612; x_wconf 75' lang='lat' dir='ltr'>‘Ambrosius</span> <span class='ocrx_word' id='word_1_569' title='bbox 1054 5567 1186 5627; x_wconf 88' lang='lat' dir='ltr'>episcopus</span> <span class='ocrx_word' id='word_1_570' title='bbox 1199 5580 1243 5628; x_wconf 89' lang='lat' dir='ltr'>pro</span> <span class='ocrx_word' id='word_1_571' title='bbox 1255 5566 1375 5614; x_wconf 80' lang='lat' dir='ltr'>aethellea</span> <span class='ocrx_word' id='word_1_572' title='bbox 1387 5565 1437 5613; x_wconf 82' lang='lat' dir='ltr'>ilde</span> <span class='ocrx_word' id='word_1_573' title='bbox 1448 5567 1528 5613; x_wconf 86' lang='lat' dir='ltr'>multa</span> <span class='ocrx_word' id='word_1_574' title='bbox 1541 5566 1683 5614; x_wconf 88' lang='lat' dir='ltr'>sublimiter</span> <span class='ocrx_word' id='word_1_575' title='bbox 1695 5567 1798 5629; x_wconf 90' lang='lat' dir='ltr'>scripsit</span> <span class='ocrx_word' id='word_1_576' title='bbox 1807 5566 1823 5631; x_wconf 86' lang='lat'>’,</span> <span class='ocrx_word' id='word_1_577' title='bbox 1915 5572 1918 5579; x_wconf 87' lang='lat'>&#39;</span> 
     </span>
    </p>
   </div>
   <div class='ocr_carea' id='block_1_6' title="bbox 200 5648 1188 5714">
    <p class='ocr_par' dir='ltr' id='par_1_9' title="bbox 200 5648 1188 5714">
     <span class='ocr_line' id='line_1_47' title="bbox 200 5648 1188 5714; baseline 0.001 -13"><span class='ocrx_word' id='word_1_578' title='bbox 200 5648 373 5703; x_wconf 73' lang='lat' dir='ltr'>Cassiodorius</span> <span class='ocrx_word' id='word_1_579' title='bbox 391 5663 449 5702; x_wconf 91' lang='lat' dir='ltr'>eum</span> <span class='ocrx_word' id='word_1_580' title='bbox 467 5649 603 5714; x_wconf 86' lang='lat' dir='ltr'>compilans</span> <span class='ocrx_word' id='word_1_581' title='bbox 622 5648 757 5699; x_wconf 86' lang='lat' dir='ltr'>catholicae</span> <span class='ocrx_word' id='word_1_582' title='bbox 775 5648 849 5698; x_wconf 85' lang='lat' dir='ltr'>fldem</span> <span class='ocrx_word' id='word_1_583' title='bbox 868 5649 1027 5700; x_wconf 86' lang='lat' dir='ltr'>christianam</span> <span class='ocrx_word' id='word_1_584' title='bbox 1046 5652 1188 5702; x_wconf 85' lang='lat' dir='ltr'>substituit.</span> 
     </span>
    </p>
   </div>
   <div class='ocr_carea' id='block_1_7' title="bbox 1583 5749 1613 5810">
    <p class='ocr_par' dir='ltr' id='par_1_10' title="bbox 1583 5749 1613 5810">
     <span class='ocr_line' id='line_1_48' title="bbox 1583 5749 1613 5810; baseline 0 -28"><span class='ocrx_word' id='word_1_585' title='bbox 1583 5749 1613 5810; x_wconf 68' lang='lat' dir='ltr'>f.</span> 
     </span>
    </p>
   </div>
   <div class='ocr_carea' id='block_1_8' title="bbox 0 0 2130 6082">
    <p class='ocr_par' dir='ltr' id='par_1_11' title="bbox 0 0 2130 6082">
     <span class='ocr_line' id='line_1_49' title="bbox 0 0 2130 6082; baseline 0 0"><span class='ocrx_word' id='word_1_586' title='bbox 0 0 2130 6082; x_wconf 95' lang='lat' dir='ltr'> </span> 
     </span>
    </p>
   </div>
  </div>
 </body>
</html>
